5509 6484
1374 1180 1419 1242 44

861 1370 1060 1445 ponerentur
1073 1360 1168 1437 (acle
1181 1380 1228 1421 me
1240 1379 1427 1442 eapurpare.
1444 1392 1484 1399 —
1500 1356 1589 1420 Tuae
1601 1369 1629 1420 te
1640 1376 1794 1440 expuryee
1805 1353 1931 1437 mihit‘,

861 1488 960 1552 quam
998 1466 1171 1530 lectionem
1211 1464 1315 1528 edidit
1347 1464 1501 1528 Bothium
1540 1462 1684 1540 secutus)
1724 1463 1794 1525 sive
1826 1461 1918 1539 ,mihi

864 1586 1032 1659 tamquam
1066 1573 1393 1658 interpretamentum
1428 1569 1651 1635 secluderetur
1686 1578 1718 1633 11
1750 1568 1801 1633 bis
1828 1568 1933 1632 forma

861 1681 1021 1766 producta
1049 1678 1293 1764 (,e:cpuci9are‘)
1320 1678 1584 1764 reponeretur).
1631 1677 1704 1740 Etsi
1728 1698 1792 1741 non
1817 1675 1931 1739 dubito

1923 1460 1933 1491 ί

862 1788 1052 1884 concedere,
1077 1811 1134 1852 seu
1158 1787 1243 1850 hanc
1265 1809 1323 1851 seu
1343 1786 1434 1850 illam
1451 1787 1609 1850 rationem
1625 1785 1802 1865 inienuus,
1827 1784 1937 1867 magis-

861 1895 998 1981 politum
1032 1905 1131 1981 atque
1163 1894 1312 1958 limatum
1342 1916 1473 1958 versum
1504 1894 1672 1974 exsistere,
1706 1901 1815 1955 tamen
1843 1890 1932 1954 haud

862 2004 929 2068 scio
954 2026 995 2066 an
1019 2025 1143 2084 1111111,
1168 2002 1265 2065 sicuti
1289 2001 1428 2065 traditus
1453 2010 1511 2083 est,
1536 2001 1637 2085 possit
1660 1999 1803 2063 retineri.
1846 1998 1933 2061 Nam

862 2112 923 2174 hoc
947 2110 1081 2196 quidem
1105 2120 1229 2173 certum
1254 2119 1312 2188 est,
1337 2107 1491 2172 Plautum
1517 2109 1613 2172 huius
1637 2106 1731 2171 verbi
1755 2106 1875 2170 formas
1900 2113 1933 2168 et

861 2218 1037 2303 productas
1062 2225 1094 2280 11
1117 2226 1316 2303 syncopatas
1340 2238 1515 2301 usurpasse
1540 2212 1596 2297 (cf.
1611 2214 1730 2299 Amph.
1746 2214 1826 2295 7063
1850 2213 1931 2293 9093

861 2326 936 2388 945.
975 2323 1087 2388 Aulul.
1107 2323 1181 2389 791.
1218 2322 1314 2387 Oura.
1334 2325 1408 2387 1t1.
1442 2323 1642 2403 Mere3213
1667 2323 1742 2387 322.
1768 2319 1930 2401 Trin.96;

862 2431 962 2509 680).
990 2466 1028 2474 —

951 2597 1047 2657 Pers.
1064 2599 1138 2656 ale.
1173 2592 1265 2656 Idem
1289 2592 1350 2655 hoc
1374 2592 1464 2656 cadit
1488 2592 1623 2655 fortasse
1643 2590 1676 2653 in
1693 2589 1783 2652 Pers.
1800 2610 1832 2651 v.
1850 2588 1930 2652 319:

899 2722 993 2797 ,caim
1016 2730 1117 2780 metuo
1142 2730 1175 2780 ut
1197 2720 1318 2801 poesim
1340 2720 1375 2779 ia
1399 2717 1502 2779 babile
1526 2713 1675 2796 (labilem
1700 2712 1739 2795 P)
1762 2716 1888 2795 reicere,

1239 2844 1278 2886 ae
1300 2821 1465 2906 capeatac‘
1490 2823 1549 2887 ΑΡ

846 2949 953 3012 ‘cuius
988 2969 1103 3011 versus
1130 2969 1315 3011 mensuram
1343 2969 1408 3010 non
1437 2947 1604 3011 ferendam
1630 2947 1768 3032 ideoque
1792 2945 1931 3010 verbum

861 3053 1000 3135 ,reicere‘
1039 3053 1255 3118 traiciendum
1294 3077 1364 3118 esse
1400 3055 1526 3119 censuit
1562 3054 1708 3118 Bothius.
1763 3053 1809 3117 At
1844 3053 1930 3117 enim

861 3163 948 3248 licet,
973 3172 1010 3226 ut
1033 3163 1158 3247 opinor,
1183 3162 1321 3226 verbum
1345 3160 1484 3243 ,reicere‘
1509 3164 1542 3226 in
1566 3163 1703 3226 formam
1727 3160 1781 3224 vel
1805 3160 1930 3248 dactyli

860 3270 915 3333 vel
938 3268 1222 3355 proceleusmatici
1245 3269 1403 3353 redigere,
1433 3292 1498 3355 qua
1521 3270 1645 3333 ratione
1669 3269 1789 3350 versui,
1821 3277 1858 3332 ut
1882 3277 1931 3331 est

816 3454 819 3458 .
861 3376 1064 3461 septenarius
1088 3376 1263 3458 iambicus,
1288 3376 1452 3440 tribuatur
1475 3398 1610 3440 caesura
1633 3376 1812 3458 trochaica,
1842 3374 1930 3439 unde

861 3484 1017 3568 sequitur,
1040 3494 1077 3546 ut
1093 3484 1125 3546 in
1143 3483 1244 3546 verbo
1261 3482 1399 3565 ,bubile‘,
1425 3485 1517 3547 ouius
1534 3483 1663 3571 syllaba
1678 3484 1783 3568 prima
1799 3482 1930 3546 videtur

861 3612 931 3654 esse
967 3589 1078 3673 longa,
1114 3612 1178 3652 non
1213 3590 1315 3674 possit
1350 3591 1481 3654 offendi.
1533 3590 1598 3655 Sed
1627 3590 1713 3675 quod
1742 3591 1860 3655 attinet
1888 3589 1930 3653 ad

860 3696 1004 3782 ,pocrim‘
1040 3706 1072 3759 et
1107 3696 1231 3760 hiatum
1267 3696 1405 3760 subinde
1440 3697 1664 3780 statuendum,
1701 3720 1761 3781 ego
1796 3697 1929 3783 quidem

861 3827 975 3868 censeo
1000 3825 1074 3868 oum
1091 3803 1246 3868 Lindsaio
1270 3804 1494 3889 reponendum
1519 3827 1589 3869 esse
1613 3814 1645 3868 et
1664 3827 1759 3890 posse
1776 3806 1846 3869 sine
1861 3804 1929 3868 ulla

860 3912 1064 3976 dubitatione
1080 3913 1193 3997 reponi
1209 3909 1445 3995 ,poaa·iem‘**):
1470 3934 1545 3976 nam
1562 3914 1622 3975 etsi
1639 3935 1753 3977 verum
1770 3922 1818 3976 est
1835 3911 1930 3976 Plau·

860 4032 929 4085 turn
958 4021 1015 4084 has
1043 4021 1164 4084 formas
1193 4020 1308 4101 (aiem,
1333 4024 1405 4101 1111,
1430 4018 1515 4098 ciet‘)
1540 4044 1713 4107 usurpasse
1738 4021 1928 4107 plerumque

860 4129 893 4191 iu
917 4129 981 4191 fine
1005 4150 1169 4210 versuum,
1195 4137 1303 4191 tamen
1327 4151 1391 4192 non
1417 4128 1535 4192 desunt
1558 4128 1632 4211 loci,
1657 4129 1776 4214 quibus
1800 4128 1875 4192 illae
1895 4129 1929 4192 in

860 4235 975 4299 mediis
1021 4234 1171 4298 versibus
1217 4236 1357 4299 traditae
1400 4236 1551 4319 legantur
1594 4235 1685 4300 velut
1729 4234 1928 4300 Ρο111.148.

860 4342 980 4427 Amph.
1000 4341 1073 4406 130.
1099 4341 1220 4406 Bacch.
1240 4342 1318 4406 762:

1043 4479 1218 4551 ,lacteoque
1241 4478 1275 4529 111
1297 4467 1390 4529 bodie
1410 4470 1548 4552 poseiem
1572 4468 1750 4532 eacolire'er‘.

949 4656 975 4721 *)
995 4655 1082 4721 Quam
1106 4656 1250 4710 Lindsaius
1274 4657 1439 4727 excogitavit
1463 4657 1614 4726 lectionem,
1639 4659 1741 4726 eadem,
1766 4677 1929 4730 quamquam

859 4745 980 4814 potuisse
999 4745 1065 4798 talia
1085 4745 1144 4799 sieri
1163 4764 1216 4800 non
1237 4746 1400 4816 negaverim,
1420 4754 1509 4799 tamen
1529 4747 1734 4818 improbabilior
1746 4747 1811 4801 mihi
1823 4749 1930 4802 videtur

860 4833 906 4902 (cf.
920 4851 989 4903 quae
1009 4833 1170 4901 adnotavit).

948 4923 988 4989 **)
1007 4923 1115 4976 tametsi
1139 4924 1194 4977 Leo
1219 4926 1256 4993 (p.
1274 4925 1347 4991 365.)
1376 4932 1430 4978 tres
1459 4925 1695 4979 incommoditates
1724 4925 1848 4979 metricas
1877 4925 1929 4981 hoc

860 5011 941 5065 modo
961 5012 1035 5065 nasci
1055 5012 1105 5065 sibi
1125 5012 1209 5065 videri
1230 5012 1308 5065 dicit:
1336 5014 1383 5066 ubi
1402 5021 1464 5067 sunt
1483 5016 1548 5068 eae?
