5509 6484
1379 1189 1423 1253 32

1027 1368 1124 1432 Poen.
1142 1367 1222 1432 481:
1256 1367 1463 1453 plandiculos
1486 1368 1601 1452 globos
1626 1369 1657 1433 A

1070 1508 1081 1518 ·
1140 1474 1219 1539 994:
1256 1497 1320 1560 quo
1344 1498 1388 1539 ex
1413 1476 1576 1561 quoppido
1600 1478 1629 1541 B
1654 1476 1816 1556 (fortasse)

1001 1582 1120 1646 Pseud.
1138 1582 1218 1647 229;
1255 1583 1408 1667 phoenici
1429 1584 1601 1669 phoenicio
1625 1585 1652 1648 P

1041 1688 1141 1754 Stich.
1159 1689 1217 1755 59:
1253 1691 1301 1754 bis
1325 1690 1441 1754 habitu
1467 1691 1531 1756 hau
1553 1690 1585 1755 A

1093 1831 1104 1841 ·
1143 1797 1220 1861 152:
1257 1796 1327 1860 heri
1350 1798 1428 1861 baut
1452 1797 1548 1861 hodie
1572 1796 1617 1875 A)

866 1921 899 1983 in
923 1921 1084 2006 principio
1108 1944 1140 1984 v.
1158 1921 1234 1986 836.
1259 1922 1292 1985 in
1310 1920 1368 1985 ΑΡ
1393 1921 1549 1986 traditum
1570 1922 1831 1987 transferendum
1849 1923 1939 1987 vide·

866 2035 940 2091 atur
955 2028 988 2091 in
1004 2028 1103 2092 finem
1118 2050 1233 2093 versus
1249 2029 1434 2114 superioris.
1470 2029 1571 2095 Stich.
1586 2030 1661 2094 259.
1679 2030 1939 2095 interiectionem

865 2135 931 2215 ,ατί
960 2136 1094 2199 ineunte
1123 2158 1221 2200 versu
1251 2137 1284 2199 in
1309 2136 1368 2199 ΑΡ
1397 2137 1551 2201 traditam
1574 2137 1643 2201 Leo
1670 2146 1759 2201 recte
1783 2137 1817 2201 in
1840 2138 1938 2203 finem

865 2264 980 2306 versus
1004 2243 1230 2327 praecedentis
1252 2244 1455 2309 transtulisse
1472 2246 1552 2309 mihi
1568 2245 1708 2329 videtur,
1733 2267 1798 2331 qua
1813 2246 1939 2310 ratione

865 2372 897 2413 v.
912 2348 988 2414 259.
1013 2350 1092 2435 quin
1108 2350 1167 2414 fiat
1182 2349 1316 2435 politior
1331 2352 1390 2415 vix
1407 2361 1457 2417 est
1472 2351 1618 2417 dubium.
1646 2351 1716 2416 Mil.
1736 2351 1832 2416 1132.
1849 2361 1938 2416 recte

867 2456 1127 2538 ‚Acroteleutium
1156 2455 1223 2522 cut‘
1252 2457 1389 2522 exhibet
1418 2458 1448 2523 A
1476 2460 1508 2523 iu
1536 2460 1601 2524 fine
1629 2481 1743 2524 versus
1767 2458 1807 2537 (P
1831 2460 1940 2523 omisit

866 2562 970 2647 ,aut‘),
1000 2564 1087 2650 quod
1116 2565 1303 2651 exemplum
1331 2568 1440 2651 ipsum
1470 2589 1529 2652 per
1555 2589 1590 2631 se
1617 2568 1696 2631 satis
1720 2576 1769 2631 est
1796 2567 1838 2632 ad
1863 2589 1938 2632 con·

864 2671 1058 2736 firmandam
1093 2672 1183 2736 illam
1218 2675 1388 2757 rationem,
1423 2695 1522 2759 quam
1549 2673 1724 2737 Lindsaius
1759 2673 1938 2739 identidem

865 2787 1058 2864 persecutus
1082 2788 1141 2843 est,
1185 2779 1269 2844 Item
1293 2779 1366 2844 Cas.
1385 2780 1460 2845 678.
1497 2780 1528 2844 A
1552 2789 1641 2844 recte
1663 2781 1800 2866 praehet
1823 2780 1880 2862 ,in‘
1905 2784 1939 2846 in

865 2887 930 2951 fine
946 2908 1071 2969 versus,
1093 2885 1152 2951 ubi
1168 2886 1364 2951 servandum
1382 2896 1445 2966 θεῖς
1470 2888 1511 2952 cf.
1530 2888 1627 2953 etiam
1644 2889 1731 2952 Men.
1748 2889 1829 2954 592:
1853 2913 1938 2969 ,con-

865 2996 1055 3059 troversiam
1076 2994 1121 3058 ut‘
1145 2993 1177 3058 A
1201 2993 1304 3077 (recte
1327 3004 1364 3060 ut
1388 2994 1526 3081 opinor).

955 3102 1084 3166 Ductus
1114 3111 1224 3167 autem
1251 3104 1298 3167 ita
1324 3125 1393 3167 rem
1421 3104 1522 3188 gessit
1544 3103 1729 3187 Lindsaius,
1754 3112 1790 3169 ut
1814 3105 1937 3188 opinor,

866 3209 923 3274 illa
945 3209 1089 3273 Vahleni
1120 3211 1407 3294 commentatione,
1442 3233 1540 3297 quam
1573 3212 1739 3296 inscripsit
1779 3196 1860 3274 Uber
1888 3214 1940 3274 dic

874 3317 1087 3381 Vereschldase
1108 3319 1145 3380 ia
1160 3318 1221 3381 dea
1236 3317 1413 3382 Komddieu
1434 3320 1487 3381 dee
1507 3318 1671 3383 Terentius
1687 3317 1807 3400 (Berol.
1826 3317 1937 3395 1900).

866 3424 1070 3490 Contrarium
1080 3426 1238 3489 rationem
1248 3425 1322 3488 iniit
1332 3425 1486 3490 Hertzius
1497 3426 1627 3490 inTrin.
1639 3448 1670 3490 v.
1678 3426 1721 3490 96
1732 3423 1842 3507 (P-A
1850 3447 1881 3488 n.
1892 3421 1938 3505 1.),

866 3555 939 3596 cum
965 3534 1051 3612 ,aoid
1075 3535 1109 3596 in
1133 3534 1331 3617 principium
1355 3534 1522 3618 sequentis
1545 3555 1659 3596 versus
1683 3532 1859 3596 transtulit.

956 3639 1000 3703 Et
1015 3639 1161 3724 profecto
1178 3639 1424 3703 concedendum
1441 3649 1491 3702 est
1506 3638 1560 3702 vel
1576 3640 1609 3701 in
1626 3639 1756 3723 optimis
1770 3638 1939 3703 codicibus

866 3770 929 3811 non
953 3769 1026 3810 raro
1050 3755 1174 3830 strages
1198 3768 1237 3810 ac
1264 3746 1377 3809 ruinas
1402 3746 1506 3810 editas
1530 3767 1600 3809 esse
1624 3767 1672 3827 eo,
1701 3745 1789 3831 quod
1813 3745 1939 3810 librarii

866 3855 920 3919 vel
948 3854 1154 3939 grammatici
1181 3853 1333 3938 neglecta
1356 3852 1554 3939 exemplaris
1582 3853 1745 3938 scriptura
1773 3854 1939 3917 existima·

866 3971 941 4027 runt
969 3984 1008 4026 ea
1035 3961 1139 4026 verba
1166 3984 1250 4048 quae
1280 3962 1365 4026 inter
1392 3984 1426 4026 se
1458 3962 1670 4027 cohaererent
1696 3984 1761 4025 non
1790 3984 1861 4026 esse
1890 3961 1939 4025 di·

865 4070 1032 4155 iungenda
1064 4070 1124 4152 ita,
1159 4080 1196 4133 ut
1229 4069 1367 4134 verbum
1403 4068 1541 4135 alterum
1576 4068 1671 4133 alteri
1706 4070 1817 4134 versui
1849 4069 1938 4132 attri-

868 4178 1031 4242 bueretur.
1083 4176 1171 4255 Quin
1207 4178 1305 4240 etiam
1339 4178 1373 4239 in
1409 4198 1446 4240 eo
1483 4185 1544 4259 est,
1581 4186 1632 4259 ut,
1668 4174 1772 4240 sicubi
1806 4197 1939 4261 prorsus

867 4284 1003 4349 eandem
1031 4284 1226 4368 scripturam
1255 4282 1413 4347 exhibent
1442 4283 1558 4347 amhae
1587 4283 1803 4366 recensiones,
1833 4304 1940 4347 exea

866 4414 901 4456 re
924 4390 1034 4455 nullae
1058 4391 1265 4454 coniecturae
1288 4390 1360 4454 fieri
1383 4390 1517 4475 possint.

956 4498 1073 4583 ltaque
1102 4519 1168 4562 non
1196 4498 1307 4581 inepte
1334 4496 1391 4561 ille
1415 4496 1701 4562 Menaechmorum
1731 4519 1845 4562 versus
1874 4496 1939 4581 legi

867 4614 974 4690 potest
997 4606 1058 4669 sio:

926 4731 1079 4794 Herculea
1102 4728 1239 4813 Μαάθ
1262 4752 1378 4814 magno
1402 4732 1553 4814 simquom
1577 4728 1706 4793 dhetuh't
1726 4729 1851 4812 pericu!
1871 4778 1877 4790 .

956 4940 981 5008 ⁴⁸)
1008 4940 1090 5009 oeque'
1117 4939 1227 4993 minime
1258 4946 1413 5010 suspectum
1442 4946 1495 5005 est3
1529 4938 1738 4993 cussiacus
1776 4937 1856 5008 Epid·
1876 4937 1938 4991 307.

867 5029 923 5082 Mil.
938 5028 1016 5084 1293.
1052 5028 1133 5082 Most.
1146 5028 1207 5083 302.
1246 5026 1328 5081 Stich.
1342 5027 1403 5081 274.
