5509 6484
1362 1170 1406 1234 53

848 1370 1020 1412 aerumnas
1055 1349 1261 1412 sustentavit.
1316 1348 1369 1411 Ex
1404 1347 1518 1413 eadem
1553 1357 1662 1413 autem
1699 1350 1918 1413 concinnitate

848 1456 1003 1521 orationis
1018 1455 1098 1519 mihi
1114 1455 1245 1519 videtur
1261 1456 1362 1541 sequi,
1387 1465 1424 1520 ut
1448 1478 1559 1538 senex,
1585 1478 1659 1520 cum
1675 1478 1707 1519 v.
1721 1458 1796 1522 923.
1814 1457 1916 1521 filium

849 1565 956 1648 ipsum
971 1562 1188 1647 appellaverit
1204 1561 1298 1644 (,te‘),
1316 1564 1394 1626 item
1411 1585 1442 1627 v.
1458 1563 1534 1626 925.
1551 1564 1658 1648 ipsum
1674 1564 1827 1649 appellet,
1852 1587 1915 1629 non

847 1679 982 1756 repente
1006 1679 1175 1733 aversatus
1196 1668 1381 1755 alloquatur
1396 1680 1605 1754 spectatores,
1628 1693 1702 1734 cum
1719 1672 1807 1735 dicat
1824 1673 1919 1750 ‚horst

847 1778 908 1842 Est
931 1778 1032 1862 igitur
1054 1777 1261 1841 retinendum
1284 1773 1336 1855 ,te‘
1358 1787 1391 1842 et
1415 1777 1448 1841 id
1472 1777 1604 1863 quidem
1629 1801 1666 1842 eo
1690 1780 1803 1861 magis,
1829 1781 1913 1864 quod

847 1888 880 1949 in
920 1886 1068 1972 sequenti
1107 1906 1218 1967 versu,
1267 1906 1341 1948 cum
1384 1885 1465 1949 dicit
1504 1885 1620 1962 ,huac‘‚
1661 1886 1915 1971 haudquaquam
1968 1938 1971 1943 .

848 1993 988 2057 eundem
1012 1991 1070 2071 (so.
1088 1990 1203 2069 filium)
1228 1990 1399 2075 intellegit,
1424 2014 1539 2055 verum
1556 2031 1597 2039 —
1619 1993 1703 2056 sicut
1720 1993 1914 2058 verisimilli-

847 2123 935 2164 mum
960 2108 1009 2163 est
1039 2134 1080 2141 -
1110 2098 1313 2182 Stalagmum
1342 2098 1530 2182 servum*),
1567 2122 1663 2184 quem
1692 2101 1752 2163 etsi
1780 2100 1913 2185 paulum

847 2230 867 2271 a
894 2228 970 2271 sene
997 2215 1156 2269 remotum
1184 2214 1293 2269 tamen
1322 2206 1353 2268 in
1384 2228 1502 2269 scaena
1537 2206 1649 2270 adesse
1685 2209 1792 2271 animo
1820 2207 1914 2272 nobis

846 2314 1085 2378 informandum
1122 2323 1170 2377 est
1206 2314 1260 2391 (cf.
1286 2312 1367 2392 9513
1397 2313 1497 2391 954.).
1545 2314 1748 2378 Postremum
1782 2338 1912 2379 versum

846 2433 995 2507 spectare
1019 2420 1061 2484 ad
1085 2420 1313 2502 Philocratem,
1339 2421 1461 2505 quippe
1485 2422 1540 2506 qui
1565 2420 1663 2485 fidem
1687 2423 1912 2507 interpositam

846 2529 967 2614 optime
991 2528 1181 2609 servaverit,
1206 2550 1337 2612 prorsus
1359 2528 1567 2591 manifestum
1593 2538 1649 2591 est.
1697 2528 1814 2614 Itaque
1838 2552 1912 2594 cum

753 2673 760 2683 ·
845 2659 877 2699 v.
895 2637 971 2701 926.
997 2648 1029 2699 et
1052 2636 1128 2700 927.
1154 2658 1216 2700 non
1243 2635 1284 2698 ad
1309 2635 1449 2699 eundem
1474 2644 1622 2720 spectent
1645 2657 1784 2721 cumque
1809 2636 1913 2717 ,Ιηιηεί

846 2742 950 2821 (926.)
975 2741 1215 2826 intellegendus
1240 2744 1281 2806 sit
1306 2742 1505 2825 Stalagmus,
1536 2742 1683 2827 improbo
1709 2754 1741 2806 et
1765 2744 1912 2808 codicum

845 2852 1038 2936 scripturam
1056 2849 1153 2928 ,Ιιαεοί
1179 2848 1298 2931 (922),
1327 2871 1392 2935 qua
1416 2872 1529 2914 versus
1553 2852 1912 2935 insupermanousfit,

846 2969 878 3022 et
901 2958 991 3022 illam
1015 2959 1245 3038 coniecturam,
1278 2980 1343 3042 qua
1366 2957 1504 3021 Bothius
1528 2980 1667 3043 eumque
1691 2969 1821 3023 secutus
1845 2959 1912 3022 Leo

844 3076 1059 3151 reposuerunt
1082 3065 1210 3142 ,huiaa‘.
1258 3066 1360 3128 lmmo
1384 3088 1462 3129 vero
1488 3075 1699 3151 exspectatur
1721 3066 1834 3146 ,illiua‘
1860 3068 1912 3131 vel

844 3171 972 3253 ,illaer‘‚
1009 3173 1095 3258 quod
1131 3175 1275 3259 reposuit
1303 3173 1461 3254 Bachius3
1495 3176 1600 3258 potuit
1636 3184 1744 3238 autem
1775 3174 1912 3238 Plautus

845 3282 954 3345 dicere
983 3282 1087 3359 ,illaec
1105 3279 1211 3361 fidea‘‚
1246 3282 1323 3366 qnia
1355 3281 1442 3344 idem
1471 3292 1520 3345 est
1548 3304 1585 3345 ac
1613 3283 1706 3364 ,fides
1735 3305 1831 3367 quam
1859 3283 1912 3345 ille

844 3387 941 3451 dedit‘
967 3388 1021 3465 (cf.
1047 3388 1143 3451 Most.
1172 3388 1272 3452 1166:
1306 3392 1413 3467 ,iatam
1437 3389 1572 3451 oeaiom‘
1596 3390 1616 3453 i.
1635 3412 1661 3453 e.
1679 3412 1710 3453 v.
1736 3411 1834 3474 quam
1858 3391 1911 3453 isti

844 3495 986 3573 dedisti).

935 3602 1000 3666 Sed
1039 3616 1075 3667 ut
1113 3603 1227 3666 redeat
1266 3602 1344 3667 illuc
1383 3604 1470 3668 unde
1509 3604 1645 3668 deflexit
1680 3606 1796 3668 oratio:
1836 3627 1911 3668 nam

842 3711 1019 3795 quaeritur,
1044 3732 1127 3795 quae
1148 3733 1300 3775 mensura
1317 3711 1503 3776 adhibenda
1519 3713 1560 3775 sit
1576 3713 1686 3775 versui
1703 3712 1789 3792 925,
1814 3734 1910 3797 quem

844 3817 1052 3881 scribendum
1077 3840 1147 3881 esse
1171 3839 1341 3881 censemus
1364 3820 1426 3883 sic:

921 3946 1012 4007 ,quae
1035 3925 1148 4001 adhuc,
1175 3937 1202 3987 te
1225 3948 1334 3987 carena
1358 3927 1432 3987 dum
1456 3926 1506 3987 tic
1521 3925 1590 4007 sbi,
1615 3923 1837 3987 sustentabam‘

843 4032 985 4095 Metrum
1010 4042 1058 4095 est
1082 4031 1305 4114 bacclianum,
1335 4033 1421 4117 quod
1451 4032 1589 4095 stabiliri
1614 4054 1677 4095 non
1702 4041 1817 4116 potest,
1847 4033 1909 4095 nisi

843 4137 965 4223 legitur
988 4149 1045 4202 aut

933 4268 1025 4329 ,quaa
1049 4246 1151 4307 ddhur
1174 4245 1213 4307 τά(
1237 4268 1306 4330 sqq.
1326 4247 1383 4323 (sc.
1398 4267 1471 4309 enm
1489 4255 1638 4329 correpta
1654 4243 1783 4333 syllaba
1799 4242 1909 4325 tertia)

842 4344 919 4483 ant.
932 4447 1024 4508 ,quoa
1045 4424 1148 4485 adhoc
1169 4422 1206 4487 te‘
1227 4446 1298 4509 sqq.
1316 4423 1374 4503 (sc.
1390 4445 1463 4487 cum
1480 4434 1630 4509 correpta
1646 4423 1774 4511 syllaba
1790 4423 1908 4508 prima)

930 4580 955 4646 ³³)
979 4580 1048 4632 Nam
1068 4579 1234 4634 Philocrates
1254 4582 1396 4651 quominus
1418 4580 1539 4651 intellegi
1559 4581 1652 4650 possit,
1677 4588 1732 4634 stat
1754 4598 1803 4650 per
1820 4581 1909 4651 ipsum

842 4669 1002 4722 vocabulum
1026 4673 1169 4739 ,potestoa‘:
1199 4670 1221 4723 is
1245 4670 1324 4736 enim,
1353 4671 1481 4740 quoniam
1509 4670 1579 4723 inter
1606 4688 1652 4723 eos
1681 4679 1842 4724 convenerat
1871 4678 1908 4738 ut,

840 4757 1002 4827 simulatque
1021 4757 1105 4810 filium
1118 4758 1248 4829 Hegionis
1266 4758 1435 4828 redemptum
1453 4759 1478 4810 in
1493 4758 1628 4811 Aetoliam
1647 4758 1773 4812 reducem
1792 4759 1908 4824 fecisset,

841 4865 855 4899 e
875 4846 998 4900 custodia
1016 4847 1042 4898 in
1063 4846 1215 4901 libertatem
1234 4849 1408 4913 emitteretur,
1429 4865 1550 4900 reversus
1570 4866 1598 4901 re
1616 4848 1684 4901 hene
1698 4854 1774 4918 gesta
1788 4849 1840 4901 iam
1854 4867 1907 4903 non

840 4935 982 4988 dumtaxat
1004 4935 1030 4987 in
1055 4944 1189 5005 potestate
1211 4937 1342 5007 Hegionis
1367 4944 1415 4990 est.
1455 4935 1508 4989 Sed
1532 4937 1633 5006 optime
1657 4937 1783 4991 convenit
1807 4937 1857 4991 hoc
1880 4938 1907 4988 in

840 5023 1016 5095 Stalagmum.
1191 5012 1193 5016 ’
