5509 6484
1350 1167 1478 1262 ro¹

838 1344 973 1408 dubium
998 1354 1055 1409 est.
1107 1345 1216 1409 Nihilo
1241 1347 1341 1410 setius
1370 1346 1521 1411 codicum
1551 1347 1745 1432 scripturam
1773 1348 1909 1412 retinuit

838 1450 1013 1516 Lindsaius
1047 1475 1154 1537 neque
1189 1453 1271 1517 adeo
1295 1463 1480 1538 suspectam
1516 1476 1585 1518 esse
1609 1454 1643 1517 in
1678 1454 1821 1519 editione
1850 1478 1909 1519 sua

838 1559 1047 1643 significavit.
1074 1600 1114 1607 -

839 1714 1027 1775 Stich-175.
1045 1715 1133 1795 ‚qaia
1144 1714 1219 1775 inde
1230 1714 1297 1774 iam
1307 1736 1327 1774 a
1334 1712 1477 1797 puuaillo
1486 1734 1586 1796 puero
1597 1708 1825 1794 ridiculuafui‘
1837 1712 1906 1776 ΑΡ.

841 1827 907 1891 Suo
942 1829 1012 1891 iure
1037 1828 1241 1892 offenderunt
1276 1828 1340 1891 viri
1363 1828 1453 1892 docti
1487 1828 1520 1890 in
1544 1828 1655 1892 verbis
1679 1831 1764 1909 ,inde
1787 1833 1852 1892 iam
1876 1827 1909 1891 a‘

838 1932 919 1997 falso
944 1934 1126 1999 collocatis:
1162 1958 1238 1998 nam
1261 1945 1350 1999 recte
1379 1933 1580 1998 collocantur
1603 1934 1707 1999 verba
1730 1937 1792 1999 sic:
1831 1940 1909 2013 ,iam

837 2044 911 2103 lade
935 2047 964 2103 a‘
996 2042 1051 2120 (cf.
1076 2043 1196 2106 Pseud.
1221 2042 1297 2107 970.
1334 2042 1455 2106 Bacch.
1485 2042 1579 2106 1207.
1618 2039 1741 2122 [10061.
1777 2041 1850 2107 Cas.
1875 2045 1906 2106 4.

839 2148 933 2233 Capt.
959 2148 1035 2213 645.
1061 2150 1136 2213 Ter.
1161 2149 1225 2213 Ad.
1250 2151 1311 2230 413
1335 2150 1412 2213 440.
1447 2184 1481 2191 -
1514 2150 1589 2213 Ter.
1614 2148 1735 2213 Heaut.
1762 2149 1836 2213 183.
1861 2151 1908 2213 in·

838 2268 963 2320 certum
988 2272 1047 2332 est,
1072 2266 1180 2321 utrum
1206 2256 1326 2340 ,usque‘
1352 2280 1393 2320 an
1421 2252 1518 2335 ,iade‘
1543 2258 1584 2320 sit
1607 2256 1794 2339 delendum,
1830 2279 1907 2343 quo·

837 2364 924 2426 niam
949 2363 982 2426 in
1018 2363 1079 2427 hac
1102 2364 1277 2428 verborum
1312 2366 1464 2428 iunctura
1491 2348 1666 2448 utrumque
1701 2363 1767 2427 dici
1790 2365 1907 2448 potuit.

838 2471 948 2554 Atque
982 2471 1079 2534 etiam
1115 2470 1216 2534 Mero.
1241 2494 1272 2534 v.
1299 2471 1379 2535 521:
1416 2482 1555 2549 ‚matura
1589 2472 1655 2531 iana
1689 2473 1763 2533 inde
1798 2466 1907 2534 aetute‘

837 2578 899 2639 nisi
935 2578 1044 2640 omnia
1078 2576 1197 2653 fallunt
1231 2588 1420 2663 corruptum
1443 2576 1607 2640 Luchsius
1642 2576 1683 2640 ad
1720 2577 1907 2662 exemplum

838 2685 952 2747 horum
976 2707 1129 2748 versuum
1153 2695 1242 2748 recte
1266 2684 1397 2748 videtur
1419 2683 1617 2765 emendasse,
1643 2706 1716 2747 oum
1742 2685 1908 2769 scripserit

838 2794 915 2868 ,iam
937 2792 1012 2854 iada
1035 2816 1056 2853 a
1078 2796 1205 2854 maturo
1229 2790 1364 2869 aetate‘).
1418 2790 1511 2870 Quae
1535 2789 1710 2854 verborum
1736 2790 1907 2855 collocatio

838 2918 898 2959 usu
915 2897 1068 2961 Plautino
1085 2907 1118 2961 et
1134 2898 1331 2962 Terentiano
1347 2898 1505 2983 requisita
1521 2919 1596 2960 oum
1611 2909 1714 2961 metro
1735 2907 1906 2983 repugnet,

837 3002 1041 3088 relinquitur,
1067 3015 1103 3068 ut
1119 3014 1177 3068 aut
1196 3026 1271 3069 cum
1288 3004 1408 3068 Guieto
1433 3002 1528 3084 ,iade‘
1554 3018 1620 3086 aut,
1645 3006 1706 3068 etsi
1722 3005 1784 3068 hoc
1799 3007 1907 3068 minus

838 3109 916 3173 mihi
933 3110 1100 3195 probatur,
1125 3110 1212 3187 ,iam‘
1229 3111 1412 3191 deleamus3
1431 3110 1567 3175 Goetzio
1583 3133 1671 3190 vere,
1694 3133 1768 3174 cum
1784 3121 1906 3175 utrum·

838 3239 901 3301 quc
926 3217 1050 3281 secludi
1073 3218 1154 3282 velit
1179 3230 1211 3283 et
1226 3218 1260 3282 id
1284 3218 1416 3304 quidem
1440 3216 1531 3281 nulla
1547 3219 1740 3282 necessitate
1764 3228 1906 3302 coactus,

838 3324 971 3388 minime
996 3327 1163 3389 assentior.
1217 3326 1368 3389 Forsitan
1392 3347 1444 3388 rcs
1469 3348 1503 3388 se
1526 3324 1647 3388 habeat
1671 3326 1727 3407 sic,
1763 3335 1800 3389 ut
1823 3325 1907 3389 duae

838 3430 993 3496 lectiones
1029 3432 1090 3497 hoc
1126 3432 1197 3496 loco
1233 3432 1392 3496 conflatae
1423 3432 1498 3514 sint,
1534 3454 1672 3517 quarum
1707 3431 1811 3496 altera
1845 3434 1907 3496 fuit

838 3544 915 3619 ,iam
939 3538 982 3621 o‘,
1006 3540 1110 3604 altera
1132 3543 1217 3619 ,inde
1240 3536 1285 3603 o‘:
1310 3562 1384 3604 nam
1404 3540 1559 3604 conflatas
1576 3562 1646 3604 esse
1662 3562 1906 3626 nonnumquam

838 3648 871 3709 in
895 3645 987 3711 libris
1011 3647 1173 3712 Plautinis
1205 3648 1361 3712 lectiones
1385 3648 1550 3732 gemellas,
1586 3648 1648 3712 hoc
1673 3648 1805 3733 quidem
1829 3648 1907 3711 satis

838 3764 963 3818 certum
997 3755 1078 3819 mihi
1100 3748 1232 3820 videtur
1259 3778 1365 3841 neque
1401 3755 1483 3819 adeo
1507 3756 1614 3840 ipsum
1637 3777 1697 3839 per
1731 3778 1765 3819 66
1789 3755 1906 3839 impro-

838 3861 949 3925 babile
974 3872 1023 3925 est
1046 3863 1102 3943 (cf.
1127 3862 1246 3926 Pseud.
1272 3863 1352 3943 3723
1383 3862 1464 3943 3893
1496 3862 1583 3943 392,
1620 3861 1660 3924 de
1685 3862 1804 3946 quibus
1828 3861 1907 3925 locis

839 3968 1020 4055 Seyffertus
1044 3991 1108 4033 non
1132 3970 1242 4054 inepte
1259 3970 1292 4032 in
1316 3969 1401 4032 hanc
1425 3968 1620 4032 sententiam
1636 3964 1820 4051 iudicavit),
1845 3969 1906 4033 etsi

838 4076 1022 4140 cavendum
1038 4075 1134 4140 nobis
1152 4086 1211 4159 est,
1235 4099 1276 4140 ne
1292 4077 1398 4161 prima
1414 4097 1544 4161 quaque
1561 4074 1740 4156 occasione,
1763 4078 1907 4160 praeser-

838 4184 896 4246 tim
931 4183 989 4265 ubi
1025 4183 1175 4248 codicum
1207 4184 1369 4268 scriptura
1403 4218 1447 4225 —
1483 4181 1607 4246 scilicet
1642 4182 1669 4245 si
1704 4192 1813 4246 mente
1841 4205 1906 4247 non

838 4302 998 4376 occupata
1021 4314 1089 4355 rem
1106 4302 1215 4356 tecum
1232 4290 1416 4355 consideres
1443 4324 1483 4333 -
1508 4288 1631 4354 nullam
1648 4290 1778 4353 omnino
1794 4312 1905 4354 ansam

838 4398 916 4462 dare
944 4400 1085 4481 videtur,
1121 4409 1243 4463 temere
1271 4422 1310 4462 ao
1338 4399 1471 4463 fortuito
1507 4398 1573 4462 tale
1602 4398 1680 4484 quid
1716 4406 1905 4479 statuamus,

838 4507 923 4571 sicut
946 4507 1123 4571 Lindsaius
1156 4506 1287 4592 quidem
1311 4507 1441 4591 saepius
1477 4528 1575 4591 quam
1598 4505 1742 4590 oportuit
1766 4504 1798 4567 in
1823 4503 1907 4567 libro

838 4636 935 4698 quem
960 4636 1059 4699 supra
1082 4614 1154 4678 dixi
1178 4616 1268 4678 etin
1292 4613 1434 4677 editione
1458 4634 1608 4677 suarem
1632 4612 1742 4695 gessit.
1769 4645 1810 4654 —

928 4778 1103 4855 06111925
1120 4796 1192 4854 sqq.
1238 4774 1278 4838 In
1301 4774 1340 4837 iis
1364 4772 1454 4855 locis,
1477 4794 1615 4857 quorum
1632 4771 1825 4855 scripturam
1842 4780 1907 4835 tra·

838 4883 940 4947 ditam
975 4883 1108 4947 defendi
1140 4905 1203 4946 non
1236 4904 1330 4967 posse
1362 4903 1492 4963 censeo,
1533 4879 1692 4964 imprimis
1728 4888 1776 4942 est
1811 4877 1905 4963 Oapt.

838 5013 867 5052 v.
883 4991 964 5055 925:
1144 5026 1149 5034 ·

901 5104 924 5150 S.
1711 5087 1730 5139 4
