5509 6484
1337 1159 1382 1228 29

825 1335 886 1398 etsi
921 1334 1082 1420 exemplis
1116 1359 1158 1400 ne
1193 1358 1274 1421 opus
1309 1337 1442 1423 quidem
1478 1346 1537 1420 est,
1574 1346 1682 1402 tamen
1711 1338 1827 1423 delego
1856 1339 1898 1403 ad

825 1442 963 1506 Poenuli
986 1464 1018 1506 v.
1038 1444 1140 1508 1119:

1048 1580 1094 1631 est
1117 1571 1174 1653 qni
1194 1569 1285 1632 illanc
1308 1581 1492 1634 conventam
1515 1592 1579 1634 aare
1601 1570 1674 1635 *volt

825 1693 866 1756 cf.
885 1693 984 1757 etiam
1007 1691 1100 1758 Asin.
1117 1693 1198 1775 2323
1222 1693 1298 1759 242.
1328 1693 1402 1758 (las.
1420 1694 1496 1759 689.
1526 1694 1616 1759 Trin.
1635 1696 1675 1760 91
1695 1718 1741 1778 sq.
1767 1696 1833 1761 268
1850 1718 1898 1782 sq.

825 1798 880 1864 Sic
915 1799 1036 1864 codicis
1070 1801 1221 1886 rescripti
1255 1800 1444 1885 lectionem,
1485 1824 1583 1887 quam
1623 1804 1789 1887 aspernati
1824 1814 1900 1868 sunt

826 1907 968 1971 editores
991 1906 1079 1993 quod
1103 1908 1204 1971 sciam
1228 1930 1349 1990 omneS,
1375 1909 1454 1972 satis
1478 1908 1685 1973 confirmasse
1703 1918 1736 1974 et
1752 1908 1794 1974 ab
1811 1910 1900 1974 omni

825 2014 1010 2099 suspicione
1042 2014 1227 2078 vindicasse
1259 2014 1339 2078 mihi
1368 2014 1491 2079 videor.
1540 2014 1606 2079 Sed
1634 2014 1836 2099 longissime,
1865 2015 1899 2080 id

825 2122 913 2207 quod
944 2119 1111 2186 declarare
1139 2143 1212 2185 mea
1240 2122 1383 2185 maxime
1412 2122 1557 2205 interest,
1587 2145 1607 2186 a
1629 2143 1708 2186 vero
1732 2121 1900 2187 aberravit

825 2229 904 2311 Leo,
940 2250 1015 2292 cum
1049 2228 1266 2312 corruptelam
1302 2228 1334 2292 in
1364 2229 1391 2292 P
1427 2229 1581 2293 traditam
1616 2226 1770 2312 (,remor‘)
1805 2230 1838 2293 in
1867 2228 1899 2293 A

825 2345 1006 2420 grassatam
1034 2358 1104 2399 esse
1132 2336 1338 2420 praedicavit
1362 2335 1426 2413 (Pl.
1444 2336 1482 2399 F.
1499 2359 1530 2422 p.
1549 2336 1604 2415 8.).
1645 2336 1750 2400 Immo
1774 2346 1899 2401 contra-

825 2444 909 2507 rium
938 2452 988 2508 est
1016 2444 1239 2508 statuendum:
1271 2465 1385 2507 veram
1416 2444 1611 2528 scripturam
1639 2453 1770 2509 exstare
1799 2445 1833 2508 in
1857 2444 1900 2528 A,

825 2549 941 2615 falsam
965 2551 1041 2613 inP
1066 2572 1103 2615 eo
1129 2550 1334 2614 referendam
1358 2573 1438 2634 esse,
1464 2550 1551 2637 quod
1568 2551 1696 2615 litterae
1717 2548 1780 2632 ,or‘
1800 2550 1901 2615 semel

826 2667 953 2722 tantum
982 2658 1123 2743 scriptae
1152 2666 1243 2742 sunt,
1272 2657 1384 2744 qualia
1411 2658 1531 2722 menda
1559 2659 1591 2722 in
1624 2658 1716 2723 libris
1744 2658 1900 2723 latissime

826 2774 938 2851 patere
962 2766 1035 2851 quis
1059 2774 1108 2829 est
1131 2766 1188 2851 qui
1211 2765 1359 2830 nesciat?
1380 2800 1427 2845 ,—

915 2949 1017 3009 Poen.
1035 2950 1121 3008 1188
1138 2965 1211 3024 sqq.
1257 2944 1319 3008 His
1343 2944 1384 3009 de
1408 2944 1567 3026 versibus,
1597 2944 1750 3030 quoniam
1775 2945 1843 3009 Leo
1866 2945 1901 3009 in

827 3052 969 3116 editione
998 3074 1057 3115 sua
1085 3051 1166 3116 dicit
1193 3051 1281 3116 haud
1305 3053 1389 3116 scire
1413 3074 1483 3116 sese
1507 3074 1548 3116 an
1573 3052 1685 3136 spuria
1708 3053 1774 3116 sint
1797 3052 1902 3116 verba

827 3159 929 3236 ,rebus
952 3162 1029 3221 maia
1051 3159 1211 3244 apandia‘,
1240 3161 1395 3244 primum,
1426 3168 1463 3224 ut
1496 3160 1523 3223 si
1551 3159 1609 3245 qui
1637 3182 1679 3223 ex
1709 3160 1772 3223 hac
1802 3159 1900 3223 adno-

826 3266 948 3330 tatione
976 3267 1053 3330 oriri
1080 3267 1205 3351 possint
1235 3289 1359 3330 errores
1388 3266 1586 3352 praecidam,
1610 3266 1809 3351 ¹gravissime
1838 3266 1901 3330 boc

826 3396 952 3456 moneo,
969 3372 1011 3438 ab
1029 3374 1101 3458 ipsa
1112 3374 1267 3437 orationis
1283 3374 1388 3437 forma
1404 3372 1460 3452 (sc.
1471 3374 1531 3451 ,da
1543 3374 1625 3437 diem
1642 3374 1725 3436 bunc
1740 3370 1901 3459 sospitem‘

827 3482 869 3545 of.
887 3480 985 3565 Epid.
1003 3479 1093 3558 341.)
1126 3481 1240 3565 utique
1268 3480 1448 3544 desiderari
1478 3480 1626 3546 dativum
1653 3503 1711 3546 seu
1743 3502 1901 3565 personae

829 3587 935 3666 (velut
949 3582 1063 3672 ,mitat
1081 3610 1139 3652 seu
1154 3588 1212 3669 rei,
1234 3587 1365 3673 qualem
1381 3587 1530 3652 dativum
1552 3588 1757 3674 eundemque
1772 3588 1901 3673 aptissi-

827 3718 915 3759 mum
944 3717 1019 3759 cum
1047 3694 1123 3759 libri
1146 3695 1337 3780 praebeant,
1362 3717 1421 3759 cur
1444 3704 1640 3780 temptemus
1663 3695 1745 3760 nihil
1769 3695 1900 3759 omnino

829 3825 899 3866 esse
924 3824 1085 3880 assevero,
1110 3802 1172 3866 nisi
1196 3802 1279 3867 forte
1304 3802 1450 3866 offendas
1474 3811 1596 3866 temere
1619 3803 1652 3866 in
1674 3824 1809 3867 numero
1830 3801 1900 3886 plu·

828 3909 899 3975 rali.
934 3910 1007 3973 Hoc
1030 3910 1170 3994 primum
1194 3911 1358 3974 firmatum
1381 3931 1421 3974 ac
1445 3909 1625 3973 stabilitum
1648 3909 1733 3973 volo.
1770 3909 1901 3973 Deinde

828 4017 915 4102 quod
939 4017 1007 4081 Leo
1031 4015 1183 4081 Muelleri
1207 4018 1402 4081 sententiam
1426 4026 1557 4082 secutus
1583 4010 1780 4095 ,libertatem‘
1803 4016 1901 4079 inter-

828 4123 983 4209 polatoris
1008 4146 1078 4188 esse
1099 4125 1222 4207 statuit,
1247 4147 1290 4189 ne
1305 4124 1367 4189 hoc
1383 4124 1516 4211 quidem
1532 4123 1612 4187 mihi
1630 4123 1800 4209 probatur:
1825 4145 1901 4186 nam

829 4232 956 4295 etiamsi
979 4240 1090 4296 nostra
1113 4240 1221 4296 aetate
1245 4241 1329 4315 sunt,
1354 4233 1411 4317 qui
1434 4254 1493 4317 pro
1517 4252 1625 4295 rerum
1649 4238 1761 4294 tenore
1783 4229 1901 4294 melius
1939 4244 1940 4247 ’

828 4348 886 4403 aut
913 4340 1035 4403 rectius
1064 4339 1186 4404 ducant
1210 4340 1278 4421 ‚baa
1301 4341 1397 4404 redde
1420 4336 1510 4404 milit
1534 4338 1588 4403 vel
1613 4338 1682 4417 ,baa
1705 4339 1802 4402 redde
1823 4338 1904 4401 mitt

827 4450 862 4510 in
884 4442 1079 4532 potestatem‘
1106 4445 1160 4510 vel
1190 4445 1257 4510 tale
1285 4445 1419 4532 aliquid,
1449 4468 1508 4511 cur
1534 4454 1687 4531 putemus
1710 4444 1816 4529 ipsum
1840 4444 1902 4509 hoc

829 4554 1022 4618 Hannonem
1048 4554 1191 4638 cogitare
1215 4561 1273 4617 aut
1292 4553 1482 4638 praedicare
1499 4551 1673 4617 debuisse?
1708 4552 1824 4616 Nonne
1840 4551 1901 4616 hoc

829 4670 879 4725 est
901 4684 992 4725 suam
1016 4661 1159 4746 ipsorum
1183 4661 1379 4724 sententiam
1395 4668 1511 4745 poetae
1531 4658 1727 4743 iniungere?
1762 4657 1903 4723 Accedit

830 4768 917 4853 quod
946 4769 1028 4833 haec
1052 4768 1206 4832 orationis
1236 4768 1340 4831 forma
1362 4789 1404 4830 ne
1428 4765 1536 4830 aliena
1559 4766 1693 4852 quidem
1717 4774 1765 4830 est
1790 4788 1809 4829 a
1833 4787 1902 4829 sen·

831 4877 947 4941 tentia:
971 4898 1113 4962 namque
1136 4876 1290 4961 implorat
1312 4875 1432 4939 Hanno
1456 4874 1578 4957 Iovem,
1603 4883 1640 4938 ut
1655 4872 1796 4956 filiabus,
1822 4895 1903 4959 quas

830 4984 918 5069 apud
946 4984 1095 5048 lenonem
1124 4984 1281 5047 servitute
1309 4981 1414 5066 premi
1437 4990 1469 5045 et
1493 4980 1613 5066 quibus
1636 4982 1779 5066 peiorem
1804 4981 1903 5045 etiam
