5509 6484
1356 1191 1399 1255 59

841 1428 911 1489 Mil.
931 1431 1005 1489 teo.
1044 1424 1095 1487 ibo
1119 1427 1258 1488 latrone
1281 1426 1357 1487 dam
1372 1423 1483 1486 adsum
1503 1426 1619 1487 ocultae
1642 1426 1771 1487 sortitae
1785 1424 1848 1505 fiat
1872 1423 1913 1487 A.

866 1532 918 1596 ibo
940 1536 1025 1595 i'ntro
1049 1555 1087 1595 ae
1111 1535 1186 1595 dum
1210 1533 1319 1595 abacia
1343 1532 1437 1594 urulta'
1458 1536 1568 1595 sortito
1590 1532 1651 1608 fud
1674 1532 1707 1612 li.
1726 1554 1753 1595 e.
1776 1510 1891 1613 ,juuur‘

1171 1639 1225 1703 vel
1249 1639 1386 1703 fortasse
1411 1634 1521 1720 ‚sicut‘)
1546 1638 1583 1701 P.

843 1763 916 1827 Hoc
932 1762 1064 1849 quidem
1081 1774 1227 1848 apparet,
1245 1765 1278 1826 in
1295 1763 1397 1827 altero
1414 1785 1528 1827 versus
1544 1763 1679 1827 dimidio
1696 1762 1915 1847 corruptelam

843 1872 959 1953 inesse,
995 1871 1288 1956 quae'corruptela
1312 1894 1332 1934 a
1355 1870 1456 1934 verbo
1481 1865 1616 1949 ,maltae‘
1651 1871 1721 1955 ipso
1745 1870 1915 1955 deperdito

843 1988 973 2041 etcum
996 1988 1100 2041 metro
1136 1978 1342 2063 discrepante
1366 1977 1514 2062 profecta
1547 1999 1607 2062 per
1630 1978 1759 2041 codices
1788 1999 1914 2061 percre-

843 2083 940 2148 bruit.
1000 2086 1111 2169 Atque
1146 2085 1419 2169 quemadmodum
1454 2094 1602 2169 grassata
1637 2086 1679 2148 sit
1719 2083 1915 2169 corruptela,

843 2191 940 2255 facile
963 2192 1071 2256 animo
1092 2191 1201 2255 nohis
1226 2192 1401 2256 informare
1436 2214 1617 2276 possumus,
1655 2192 1681 2255 si
1706 2214 1780 2255 cum
1804 2192 1915 2255 Leone

844 2322 887 2363 ex
911 2299 1032 2363 tradita
1065 2321 1179 2363 versus
1213 2299 1317 2363 forma
1352 2298 1535 2382 colligimus
1559 2299 1712 2363 Plautum
1748 2300 1916 2383 scripsisse

1127 2448 1177 2500 ,aa
1200 2473 1207 2486 .
1235 2475 1241 2487 .
1268 2472 1274 2484 .
1301 2425 1381 2487 alter
1404 2427 1485 2487 sorti
1507 2423 1626 2506 defuat‘

843 2571 917 2613 nam
941 2559 1082 2634 poetam,
1107 2552 1191 2613 sieut
1215 2551 1248 2613 in
1272 2572 1370 2613 versu
1395 2549 1603 2633 praecedenti
1628 2572 1679 2612 res
1696 2550 1915 2613 Romanorum

844 2658 991 2741 proprias
1015 2657 1223 2740 significavit,
1260 2656 1320 2720 hoc
1344 2679 1442 2720 versu
1479 2657 1609 2721 easdem
1646 2656 1792 2740 tetigisse
1827 2656 1916 2719 haud

843 2763 1060 2848 improbabile
1095 2775 1144 2828 est
1179 2765 1234 2843 (cf.
1252 2765 1300 2829 Pl.
1320 2766 1357 2828 F.
1375 2787 1406 2850 p.
1425 2764 1480 2841 9.).
1540 2766 1674 2829 Initium
1710 2774 1818 2828 autem
1848 2786 1916 2827 eor-

843 2870 972 2955 ruptela
987 2872 1119 2936 videtur
1135 2874 1259 2956 cepisse
1276 2895 1295 2936 a
1312 2872 1420 2936 littera
1438 2869 1492 2952 ,ra‘
1518 2873 1563 2950 (in
1581 2869 1727 2953 ,abaam‘)
1745 2894 1916 2957 perperam

845 2977 1056 3063 duplicata*),
1081 2979 1169 3064 quod
1191 2979 1249 3043 uhi
1273 2981 1414 3063 primuni
1431 2980 1552 3044 factum
1578 2990 1636 3063 est,
1662 2991 1790 3043 ceterae
1810 2988 1916 3041 muta-

844 3088 948 3150 tiones
978 3096 1145 3171 tamquam
1180 3088 1401 3151 consectariae
1440 3097 1540 3150 erant.
1599 3086 1644 3150 At
1678 3086 1779 3149 nihilo
1815 3086 1917 3149 setius

844 3215 930 3279 aqua
945 3194 1072 3257 haeret:
1089 3216 1165 3257 nam
1178 3194 1337 3279 quomodo
1350 3203 1498 3278 grassata
1515 3195 1557 3258 sit
1569 3194 1753 3278 corruptela
1766 3194 1916 3278 quamvis

844 3300 941 3385 plane
966 3300 1151 3385 disertoque
1176 3312 1333 3386 appareat
1357 3325 1374 3365 e
1399 3302 1503 3365 forma
1527 3324 1640 3364 versus
1665 3324 1684 3364 a
1705 3302 1817 3364 Leone
1841 3322 1916 3363 eon·

845 3409 990 3489 cinnatu,
1028 3420 1136 3471 tamen
1173 3410 1356 3472 cavendum
1389 3408 1482 3472 nobis
1518 3418 1580 3487 est,
1616 3430 1657 3470 ne
1693 3430 1916 3472 asseveremus

846 3514 999 3579 Plautum
1024 3515 1190 3598 cogitandi
1215 3517 1339 3579 ratione
1356 3516 1484 3601 lapsum
1509 3538 1594 3579 esse:
1619 3515 1760 3600 denique
1778 3525 1842 3579 stat
1857 3537 1917 3600 per

845 3622 948 3686 verba
972 3624 1059 3700 ,dam
1083 3622 1205 3685 abaam‘
1230 3624 1403 3708 quominus
1449 3623 1552 3687 illam‘
1568 3624 1789 3687 coniecturam
1814 3622 1916 3686 adsci-

845 3751 984 3811 scamus,
1009 3752 1093 3814 quae
1118 3729 1221 3794 verba
1245 3732 1272 3794 si
1296 3732 1458 3813 deessent,
1488 3731 1742 3816 haudquaquam
1767 3753 1838 3793 eam
1863 3730 1917 3794 de·

845 3845 1069 3900 trectaremus.
1109 3837 1205 3900 Nunc
1230 3860 1307 3901 vero
1331 3839 1417 3902 inter
1440 3860 1510 3901 sese
1535 3839 1690 3902 videntur
1714 3838 1914 3921 discrepare:

846 3953 1018 4027 exspectas
1042 3945 1139 4026 enim,
1175 3946 1329 4029 quoniam
1352 3945 1522 4008 consulum
1551 3944 1753 4008 sortientium
1778 3944 1916 4007 alterum

845 4060 948 4116 semet
963 4052 1079 4135 ipsum,
1102 4051 1239 4115 alterum
1257 4051 1513 4116 Palaestrionem
1530 4073 1600 4114 esse
1617 4049 1916 4136 Periplectomenus

845 4159 949 4242 fingit,
973 4181 1037 4222 non
1062 4160 1151 4236 ,dam
1173 4157 1305 4238 abaum‘,
1331 4182 1446 4222 verum
1471 4182 1553 4236 ,caua
1573 4157 1696 4221 ahaum‘
1719 4156 1773 4221 vel
1797 4159 1829 4221 in
1855 4157 1916 4221 hae

845 4266 1020 4330 verborum
1045 4268 1286 4331 constructione
1317 4268 1425 4351 potius
1455 4289 1535 4346 ,crim
1559 4263 1683 4348 abaim‘,
1719 4266 1806 4351 quod
1830 4266 1916 4329 idem

846 4381 895 4438 est
929 4382 1027 4458 atque
1064 4396 1111 4453 ‚eo
1141 4376 1227 4457 quod
1256 4371 1386 4437 abaum‘.
1446 4373 1645 4437 Desiderant
1679 4374 1780 4457 igitur
1814 4373 1917 4437 verba

845 4480 937 4564 ,alter
959 4483 1039 4543 sorti
1061 4478 1195 4561 dejuat‘,
1232 4481 1376 4545 simodo
1413 4481 1492 4566 quid
1516 4480 1713 4562 desiderant,
1750 4502 1813 4544 non
1838 4489 1916 4543 tem·

846 4589 933 4672 poris
946 4587 1178 4670 definitionem,
1196 4610 1279 4672 quae
1297 4590 1323 4651 si
1339 4588 1524 4671 adderetur,
1549 4587 1729 4670 tautologia
1745 4588 1919 4651 exsisteret

935 4847 961 4913 ²¹⁸)
980 4864 1077 4916 nempe
1097 4846 1207 4915 idcirco,
1227 4848 1300 4919 quod
1319 4848 1422 4903 librarii
1442 4849 1531 4903 animo
1552 4850 1723 4902 obversatum
1743 4857 1785 4902 est
1804 4855 1917 4902 summo*

847 4934 890 4988 vel
909 4935 962 4989 tale
983 4934 1086 5005 aliquid
1106 4936 1227 5006 (scriptio
1247 4937 1407 5005 continual).
1440 4937 1539 4991 Similis
1554 4937 1662 5008 quidam
1677 4937 1768 5007 lapsus
1782 4938 1919 4991 invenitur

847 5023 924 5079 Cure.
943 5024 1009 5077 470:
1030 5025 1161 5091 ,leoninam
1181 5026 1259 5077 uritto‘
1277 5027 1337 5095 (pro
1357 5027 1486 5092 ,leoninam
1508 5028 1569 5093 ito‘).
