5509 6484
1368 1148 1387 1214 8

840 1336 949 1391 utrum
973 1327 1093 1390 Leonis
1117 1349 1158 1390 an
1182 1322 1335 1390 Lindsaii⁴
1353 1327 1617 1391 ratiocinationes
1645 1326 1909 1412 probabilitatem

840 1433 986 1499 habeant
1009 1436 1173 1499 maiorem.
1214 1434 1320 1514 Quam
1338 1434 1380 1498 ad
1403 1456 1472 1497 rem
1488 1434 1732 1518 transigendam
1755 1436 1909 1520 quoniam

841 1542 902 1606 hoc
925 1543 1068 1606 maxime
1097 1536 1208 1622 refert,
1232 1551 1279 1625 ut,
1313 1563 1397 1628 quae
1421 1540 1625 1627 corruptelae
1660 1564 1749 1606 mero
1774 1564 1852 1607 casu
1876 1543 1909 1605 in

840 1650 1010 1735 utriusque
1044 1650 1241 1714 recensionis
1276 1648 1368 1713 libris
1408 1649 1582 1734 separatim
1617 1649 1688 1713 fieri
1722 1659 1908 1735 potuerunt,

841 1756 972 1820 easdem
996 1778 1203 1821 secernamus
1227 1757 1268 1820 ab
1293 1757 1343 1840 iis,
1379 1778 1463 1842 quae
1487 1777 1561 1820 cum
1584 1756 1752 1839 graviores
1787 1758 1852 1820 sint
1875 1758 1909 1819 in

840 1863 925 1927 hanc
958 1872 1086 1948 partem
1121 1864 1180 1927 vix
1214 1872 1350 1948 possunt
1385 1863 1500 1948 accipi,
1535 1863 1807 1947 perscrutandum
1831 1864 1909 1927 mihi

841 1993 911 2035 esse
939 1971 1051 2035 censui
1074 1970 1285 2036 Ambrosiani
1313 1971 1436 2035 codicis
1463 1971 1614 2056 rescripti
1642 1971 1867 2055 apographum
1891 1994 1910 2035 a

841 2078 1065 2143 Studemundo
1090 2078 1275 2142 confectum
1300 2087 1332 2141 et
1355 2100 1375 2141 a
1399 2076 1560 2165 Seyfferto
1585 2078 1719 2161 editum,
1756 2086 1794 2143 ut
1817 2079 1911 2163 quasi

840 2208 953 2250 norma
986 2185 1126 2270 quadam
1163 2184 1276 2248 iudicii
1307 2184 1486 2247 instructus
1522 2185 1678 2248 accedere
1706 2207 1834 2271 possem
1869 2185 1910 2249 ad

841 2293 1047 2357 tractandam
1082 2292 1167 2355 hanc
1203 2291 1457 2356 controversiam
1481 2293 1719 2376 gravissimam,
1755 2313 1853 2377 quarn
1884 2294 1912 2356 si

840 2401 921 2464 mihi
943 2400 1175 2485 persuasissem
1199 2420 1331 2484 prorsus
1352 2421 1422 2462 esse
1447 2398 1651 2484 diremptam,
1677 2401 1796 2464 iterum
1822 2399 1911 2463 evol-

841 2530 920 2571 vere
944 2508 1088 2571 animum
1112 2528 1177 2570 non
1200 2506 1414 2571 induxissem.

931 2614 996 2679 Sed
1024 2637 1065 2678 ne
1094 2615 1166 2700 quis
1195 2624 1364 2699 exspectet
1393 2623 1449 2677 aut
1479 2614 1627 2676 omnibus
1652 2622 1708 2676 aut
1732 2622 1820 2676 certe
1844 2612 1910 2698 ple-

842 2721 951 2805 risque
976 2743 1018 2784 ex
1042 2719 1131 2801 locis,
1157 2721 1213 2806 qui
1237 2720 1368 2804 quidem
1390 2720 1423 2782 in
1440 2718 1524 2782 hanc
1541 2719 1764 2803 quaestionem
1781 2718 1910 2801 cadant,

841 2826 964 2913 aliquid
993 2827 1073 2890 certi
1103 2827 1300 2890 extricatum
1328 2826 1377 2904 iri,
1408 2824 1486 2889 licet
1512 2825 1592 2888 mihi
1619 2825 1762 2910 praefari
1784 2835 1911 2890 tantum

770 2959 772 2962 ·
841 2934 955 2999 abesse
971 2946 1008 2997 ut
1023 2955 1151 3019 semper
1167 2942 1224 2998 aut
1239 2933 1432 3019 plerumque
1444 2954 1557 2996 verum
1571 2933 1758 2997 coniectura
1773 2933 1912 3018 adipisci

841 3042 1012 3129 possimus,
1040 3050 1077 3104 ut
1104 3062 1338 3126 saepenumero
1361 3062 1403 3104 ne
1429 3041 1468 3103 iis
1492 3040 1623 3126 quidem
1647 3039 1735 3121 locis,
1761 3041 1818 3126 qui
1840 3062 1912 3124 gra·

841 3149 987 3214 vioribus
1016 3148 1208 3233 corruptelis
1237 3148 1392 3213 videntur
1418 3142 1581 3229 laborare,
1615 3157 1703 3212 certo
1732 3170 1783 3212 res
1810 3148 1913 3233 possit

841 3256 1015 3343 explorari.
1062 3256 1177 3342 Neque
1206 3256 1291 3320 enim
1320 3257 1399 3321 satis
1428 3266 1477 3320 est
1505 3255 1619 3321 crebro
1648 3257 1784 3320 strictim
1813 3265 1911 3341 atque

841 3363 946 3429 obiter
973 3364 1158 3446 significare
1182 3364 1367 3449 corruptela
1395 3363 1566 3428 delitescat
1593 3385 1726 3427 necesse
1750 3384 1820 3428 esse
1845 3373 1911 3446 aut,

841 3472 868 3536 si
896 3493 994 3557 quam
1022 3491 1153 3534 crucem
1183 3472 1216 3534 in
1245 3471 1444 3536 editionibus
1472 3471 1573 3535 fixam
1597 3472 1792 3554 invenimus,
1816 3472 1850 3533 in
1875 3493 1913 3534 ea

841 3578 1059 3663 acquiescere,
1088 3576 1144 3641 sed
1168 3598 1221 3641 res
1243 3578 1358 3662 poscit,
1389 3586 1548 3661 utquam
1572 3576 1681 3640 sedem
1707 3585 1739 3639 et
1762 3585 1912 3640 naturam

841 3684 1044 3771 corruptelae
1084 3706 1154 3748 esse
1193 3683 1390 3747 arbitremur
1428 3683 1469 3746 de
1504 3683 1664 3747 industria
1699 3683 1911 3768 inquiramus,

841 3814 926 3878 quae
950 3814 1023 3856 cum
1048 3792 1095 3855 ita
1118 3791 1192 3874 sint,
1223 3812 1379 3876 persaepe
1403 3791 1437 3853 in
1461 3799 1633 3874 utramque
1656 3799 1782 3874 partem
1805 3798 1913 3875 potest

841 3899 1011 3985 disputari.
1057 3899 1184 3984 Nempe
1211 3898 1320 3982 igitur,
1354 3897 1381 3961 si
1414 3906 1523 3961 mente
1555 3919 1621 3961 non
1649 3906 1809 3982 occupata
1837 3898 1913 3962 huic

841 4008 1024 4093 quaestioni
1052 4006 1147 4071 dabis
1171 4027 1313 4091 operam,
1342 4005 1384 4069 ad
1407 4005 1528 4069 Leonis
1551 4006 1711 4070 rationem
1734 4028 1913 4091 numquam

842 4115 1010 4199 confugies
1041 4115 1104 4178 nisi
1136 4112 1194 4178 ubi
1223 4113 1408 4199 corruptela
1436 4112 1549 4176 eadem
1578 4112 1851 4198 quemadmodum
1880 4123 1913 4177 et

842 4222 875 4285 in
899 4219 931 4285 A
955 4230 988 4285 et
1016 4221 1099 4284 inP
1130 4221 1305 4305 separatim
1338 4219 1496 4283 exsistere
1524 4219 1667 4303 potuerit
1698 4227 1755 4284 aut
1782 4222 1913 4285 omnino

842 4352 907 4394 non
929 4328 1050 4413 poteris
1074 4328 1283 4413 interpretari
1307 4336 1364 4391 aut
1387 4325 1451 4390 alia
1474 4326 1698 4411 interpretatio
1722 4348 1781 4411 pro
1805 4349 1912 4391 rerum

842 4444 960 4501 natura
986 4436 1082 4499 nimis
1110 4434 1208 4519 longe
1240 4435 1380 4519 repetita
1408 4455 1478 4497 esse
1507 4442 1540 4497 et
1567 4455 1694 4497 omnem
1722 4435 1820 4498 finem
1847 4456 1912 4497 mo-

842 4544 985 4628 dumque
1008 4541 1250 4628 probabilitatis
1273 4543 1412 4606 transire
1435 4539 1612 4605 videbitur.

933 4649 1029 4729 Quod
1059 4658 1220 4735 superest,
1254 4649 1295 4713 de
1327 4647 1520 4734 corruptelis
1552 4648 1631 4733 ipsis
1663 4669 1746 4733 quae
1774 4647 1914 4712 dicenda

843 4765 919 4822 sunt
941 4758 975 4821 in
998 4755 1102 4820 verba
1125 4778 1223 4843 quam
1246 4756 1444 4841 paucissima
1468 4755 1642 4820 conferam.
1679 4755 1799 4838 Agitur
1815 4755 1911 4837 enim,

843 4874 880 4930 ut
903 4884 987 4951 quae
1011 4864 1145 4929 minoris
1167 4864 1324 4928 momenti
1347 4871 1423 4927 sunt
1447 4862 1603 4943 omittam,
1632 4871 1689 4926 aut
1712 4861 1753 4925 de
1777 4860 1914 4945 singulis

843 4971 954 5037 verbis
984 4980 1041 5036 aut
1067 4971 1109 5036 de
1136 4973 1212 5037 totis
1235 4963 1396 5055 versibus,
1426 4972 1581 5057 quicum
1603 4969 1778 5055 utrobique
1803 4967 1914 5032 traditi
