5509 6484
1386 1167 1429 1230 60

872 1353 907 1407 et
931 1366 970 1407 ca
993 1344 1124 1429 quidem
1149 1344 1236 1407 haud
1261 1344 1404 1427 ferenda,
1437 1345 1494 1408 sed
1518 1367 1636 1408 causae
1660 1345 1941 1428 significationem.

873 1449 968 1530 Quae
997 1473 1071 1514 cum
1107 1451 1153 1514 ita
1181 1451 1255 1533 sint,
1293 1451 1411 1516 Leonis
1440 1453 1660 1516 coniecturam
1688 1454 1837 1538 quamvis
1865 1475 1942 1517 acu·

871 1568 950 1638 tam,
985 1568 1098 1641 utpote
1133 1580 1218 1644 quae
1252 1560 1348 1623 nimis
1381 1559 1500 1623 multas
1535 1560 1709 1624 verborum
1745 1560 1941 1624 mutationes

870 1664 956 1727 ferat
989 1686 1138 1750 quaeque
1162 1665 1296 1749 flagitet,
1332 1677 1369 1731 ut
1393 1675 1570 1751 temptetur
1593 1666 1673 1731 illud
1698 1669 1786 1748 ,duur
1809 1666 1940 1749 absum‘,

869 1771 960 1857 quod
982 1773 1115 1835 minime
1150 1773 1282 1837 videtur
1316 1797 1386 1837 esse
1422 1775 1657 1858 temptandum,
1693 1774 1845 1860 amplecti
1881 1798 1941 1853 ego

870 1878 1004 1964 quidem
1040 1902 1117 1942 sane
1142 1880 1266 1944 dubito.
1326 1881 1371 1943 At
1407 1882 1493 1944 enim
1529 1881 1608 1967 quid
1644 1882 1775 1944 tandem
1805 1882 1941 1946 Plautus

870 1987 1037 2071 scripserit
1060 1987 1186 2050 nescire
1210 2009 1268 2051 nos
1291 1988 1416 2072 liquido
1440 1988 1658 2072 profiteamur.
1695 2023 1724 2030 -

871 2203 973 2263 Poen.
992 2205 1088 2262 1168.
1132 2199 1307 2277 Tl(ruc)ue
1330 2212 1404 2263 suut
1427 2200 1476 2277 (iu
1493 2201 1646 2276 rel)0ueut
1661 2201 1784 2264 sustolli
1798 2200 1940 2263 soleutA

928 2306 1084 2369 Thraecae
1114 2319 1187 2369 suut
1216 2307 1336 2369 coelum
1367 2330 1407 2370 ue
1434 2308 1560 2371 sustolli
1585 2308 1686 2370 solerti
1713 2306 1816 2371 BOD
1845 2341 1889 2349 —

1000 2447 1156 2527 ‚Graecae
1179 2461 1253 2513 suut
1275 2450 1332 2513 liae
1356 2451 1530 2531 coluusuue,
1555 2451 1680 2514 sustolli
1702 2450 1810 2513 seleut‘

870 2574 1080 2638 commendat
1092 2574 1264 2638 Turnebus
1281 2585 1410 2639 vetusto
1428 2576 1567 2661 quodam
1585 2575 1667 2639 libro
1684 2576 1782 2638 nixus
1797 2576 1940 2659 itemque

870 2682 1063 2763 Lambinus,
1088 2692 1125 2744 ut
1148 2682 1194 2744 ait
1211 2683 1290 2766 ipse,
1317 2693 1544 2764 ,nostrorum
1562 2681 1749 2746 librorum
1766 2692 1940 2745 veterum

870 2790 1105 2873 scripturam
1137 2788 1382 2873 aliquantum
1412 2789 1664 2874 depravatam
1693 2797 1863 2870 secutus,
1902 2790 1939 2852 in

869 2917 1030 2981 quorum
1067 2917 1139 2958 uno
1175 2896 1364 2981 scriptum
1401 2905 1471 2960 est:
1518 2898 1650 2959 'llaecue
1678 2909 1750 2959 suut
1777 2897 1940 2959 columnae

869 2997 951 3089 sm‘
976 3038 1019 3046 -

963 3110 1043 3173 Rem
1090 3111 1248 3195 imprimis
1294 3111 1482 3194 ambiguam
1524 3119 1612 3173 certo
1651 3109 1838 3194 explorasse
1877 3109 1939 3173 sibi

869 3217 1000 3281 videtur
1023 3218 1091 3281 Leo
1117 3217 1595 3301 (Woelffl.arch.9,162sq.),
1622 3238 1694 3280 cum
1719 3238 1849 3280 versum
1874 3216 1938 3301 legi

869 3325 941 3388 vult
965 3326 1025 3388 sic:

1017 3453 1170 3534 ,tropicae
1192 3461 1279 3511 suut:
1314 3453 1348 3511 iu
1373 3450 1495 3511 colones
1519 3449 1644 3511 sustolli
1665 3444 1785 3511 soleut‘.

960 3592 1052 3654 Haec
1091 3592 1279 3654 coniectura
1317 3589 1436 3653 Leonis
1474 3589 1697 3667 acutissima'l)
1733 3590 1802 3653 sine
1837 3588 1937 3653 dubio

868 3698 970 3783 digna
1006 3707 1067 3779 est,
1104 3720 1200 3784 quam
1236 3696 1405 3760 nobiscum
1437 3696 1693 3778 consideremus,
1731 3708 1763 3760 et
1790 3696 1937 3781 profecto

868 3828 994 3870 summo
1030 3805 1137 3869 studio
1173 3827 1244 3868 eam
1280 3803 1564 3889 amplecteremur,
1604 3805 1666 3867 nisi
1700 3825 1765 3867 una
1800 3812 1938 3866 restaret

869 3914 1041 3978 dubitatio,
1094 3913 1178 3976 Nam
1213 3922 1249 3975 ut
1284 3912 1541 3995 praetermittam
1576 3912 1736 3994 insignem
1772 3911 1936 3995 quandam

868 4019 1133 4105 probabilitatem
1150 4020 1340 4103 scripturae,
1359 4020 1431 4103 ipsa
1446 4041 1504 4103 per
1521 4041 1554 4081 se
1568 4019 1745 4102 aptissima,
1763 4028 1799 4081 ut
1811 4018 1935 4102 opinor,

867 4128 1030 4192 sententia
1076 4148 1139 4189 non
1177 4126 1312 4210 indiget.
1375 4126 1441 4190 Sed
1480 4137 1588 4188 tamen
1627 4125 1744 4187 haereo
1783 4125 1816 4187 in
1854 4146 1936 4187 voce

868 4232 1043 4318 propiora,
1074 4256 1171 4318 quam
1200 4256 1315 4297 vocem
1339 4243 1531 4297 convertere
1556 4242 1612 4295 aut
1635 4233 1842 4316 interpretari
1867 4232 1935 4295 Leo

868 4363 1001 4405 necesse
1018 4364 1082 4405 non
1100 4341 1238 4426 putavit.
1271 4340 1374 4426 Atqui
1391 4338 1618 4424 accipiendum
1637 4361 1706 4402 esse
1722 4338 1783 4402 hoe
1798 4338 1935 4402 verbum

957 4550 982 4617 *)
1001 4549 1107 4603 Erravit
1130 4551 1199 4615 Leo,
1229 4569 1290 4602 eum
1313 4547 1456 4618 llilphioni
1485 4546 1535 4601 hoc
1561 4547 1662 4599 dictum
1686 4547 1787 4599 tribuit.
1828 4546 1934 4599 Etenim

866 4637 981 4708 Milphio
1001 4640 1028 4690 in
1048 4657 1145 4691 scaena
1164 4639 1217 4690 iarn
1236 4657 1291 4691 non
1311 4637 1399 4691 adest:
1428 4637 1509 4689 immo
1530 4636 1638 4688 domum
1652 4634 1786 4688 introiisse
1800 4643 1935 4704 cumpost

867 4746 891 4779 v.
907 4726 984 4779 1154.
1013 4727 1068 4780 Leo
1088 4728 1144 4796 ipsc
1164 4727 1191 4778 in
1211 4726 1329 4781 editione
1349 4745 1398 4779 sua
1417 4724 1577 4796 significavit
1597 4733 1678 4794 atque
1692 4723 1760 4777 adeo
1774 4721 1839 4775 haec
1853 4723 1934 4775 verba

867 4815 901 4868 de
930 4815 1026 4886 quibus
1055 4816 1158 4885 agimus
1182 4826 1254 4869 recto
1279 4815 1402 4868 attribuit
1421 4813 1600 4884 Agorastocli.
1638 4812 1713 4877 Quae
1736 4829 1797 4864 cum
1816 4811 1852 4863 ita
1872 4811 1933 4876 sint,

866 4911 980 4973 apparet
993 4902 1026 4956 (le
1040 4903 1201 4957 scurrilitate
1215 4923 1319 4970 causae,
1334 4923 1414 4974 quam
1426 4903 1481 4956 Leo
1492 4902 1638 4971 usurparit,
1654 4910 1682 4954 nt
1692 4909 1732 4954 est
1743 4898 1933 4969 Agorastocles

866 4990 947 5046 horno
967 4991 1086 5045 liberalis
1106 5004 1186 5062 atque
1206 4992 1346 5063 ingenuus,
1366 4993 1533 5063 aliquantum
1554 4989 1679 5044 deminui.
