5509 6484
1356 1133 1399 1198 55

843 1311 934 1376 velut
958 1310 1227 1396 Verg.ecl.4,61
1254 1309 1456 1393 (palaeae).
1496 1311 1664 1396 Ambigua
1687 1335 1839 1377 mensura
1863 1325 1913 1376 est

843 1420 929 1483 Men.
948 1442 980 1483 v.
998 1417 1127 1496 575.*).

933 1526 996 1591 His
1026 1526 1185 1612 exemplis
1216 1550 1367 1591 mensura
1391 1550 1485 1611 ,quoe
1509 1526 1663 1590 adauctu
1685 1528 1763 1591 satis
1779 1526 1912 1591 defendi

843 1633 989 1714 videtum
1013 1634 1070 1698 sed
1094 1656 1136 1697 ne
1160 1633 1263 1698 altera
1284 1634 1417 1720 quidem
1438 1656 1590 1697 mensura
1612 1633 1718 1718 (quae
1742 1632 1912 1711 adtactu)

843 1740 1003 1825 exemplis
1027 1751 1125 1823 caret,
1151 1741 1212 1804 etsi
1236 1742 1314 1805 satis
1338 1751 1427 1804 certa
1451 1740 1603 1825 exempla
1625 1751 1756 1806 exstant
1773 1751 1912 1806 tantum·

842 1848 937 1911 modo
963 1859 1130 1934 correptae
1154 1848 1302 1936 syllabae
1327 1849 1486 1933 positione
1511 1847 1628 1931 longae
1652 1847 1744 1913 velut

933 1955 1020 2019 Men.
1035 1956 1115 2020 573:
1140 1958 1284 2040 ,optumq
1309 1957 1455 2018 ordeume'
1475 1956 1590 2019 oaorem
1611 1955 1724 2020 liabent
1743 1954 1837 2019 tanc‘
1858 1955 1912 2020 vel

932 2063 1119 2126 Poenam:
1141 2064 1400 2147 ,apparendoque
1417 2064 1502 2147 aqud
1523 2065 1597 2126 aaut
1615 2065 1680 2125 uiri
1701 2064 1763 2126 dari
1784 2061 1912 2146 defeaei‘

842 2205 886 2211 -
906 2193 982 2233 nam
1002 2166 1211 2255 ,αφρενιιφιείαί
1227 2170 1340 2256 utique
1362 2169 1559 2233 servandum
1581 2181 1630 2233 est
1651 2166 1707 2251 (cf.
1721 2169 1795 2234 Cas.
1811 2166 1911 2253 124),

842 2278 974 2341 minime
991 2298 1064 2341 cum
1082 2275 1259 2361 Spengelio
1275 2277 1499 2362 reponendum
1517 2275 1696 2361 peranda,
1717 2299 1802 2362 quae
1819 2277 1913 2341 verbi

841 2385 1021 2469 formaque
1039 2384 1174 2448 consilio
1191 2383 1233 2448 ab
1250 2384 1306 2447 illo
1322 2386 1467 2469 reposita
1482 2384 1524 2447 sit
1540 2406 1599 2448 nos
1611 2407 1675 2448 non
1689 2385 1787 2469 fugit:
1806 2407 1911 2470 neque

844 2493 930 2556 enim
954 2492 1130 2578 quicquam
1154 2493 1319 2578 antiquius
1344 2491 1460 2555 habuit
1484 2513 1581 2577 quarn
1605 2492 1753 2556 utillum
1770 2515 1911 2574 versum,

842 2600 899 2685 qui
927 2599 1139 2682 confragosus
1168 2601 1197 2663 ei
1226 2598 1412 2682 videbatur,
1446 2598 1628 2684 politiorem
1661 2598 1813 2663 redderet
1841 2621 1912 2663 sen-

842 2708 965 2770 tentiae
989 2729 1076 2789 sane,
1102 2706 1187 2771 sicut
1210 2706 1256 2784 fit,
1282 2708 1409 2771 ratione
1432 2729 1547 2791 parurn
1572 2706 1685 2771 habita
1708 2742 1752 2792 ἡ
1775 2706 1911 2771 fortasse

800 2879 802 2884 ,
843 2815 943 2878 etiam
966 2814 1164 2877 Poenam:

933 2922 1056 3006 ,linqua
1073 2922 1146 2984 hoio
1167 2922 1283 2985 excidit
1302 2924 1337 2984 r'rt
1356 2944 1412 3005 epo
1434 2917 1559 3004 opinor‘
1582 2922 1805 2986 —fortasse
1827 2921 1910 3003 dico,

842 3029 995 3114 quoniam
1020 3038 1053 3092 et
1078 3024 1213 3114 ,linquo‘
1237 3039 1270 3091 et
1294 3026 1390 3106 ‚kotc‘
1415 3049 1474 3111 per
1495 3029 1658 3114 synizesin
1679 3027 1744 3112 legi
1764 3038 1910 3113 possunt,

842 3147 1071 3220 praeterquam
1106 3134 1192 3221 quod
1229 3134 1310 3198 haec
1345 3134 1410 3198 duo
1438 3134 1542 3197 verba
1570 3135 1655 3198 inter
1684 3157 1717 3198 se
1748 3157 1807 3220 per
1835 3157 1911 3222 syn-

842 3242 1001 3327 aloephen
1027 3243 1273 3306 contrahuntur.

932 3350 1024 3413 Haec
1054 3351 1119 3412 iam
1143 3349 1308 3412 sufficiant
1332 3348 1372 3411 ad
1398 3348 1625 3431 redarguenda
1649 3371 1697 3431 ea,
1727 3371 1811 3433 quae
1835 3347 1912 3412 huic

843 3479 1012 3520 mensurae
1036 3457 1099 3519 viri
1123 3456 1211 3519 docti
1235 3456 1371 3519 fortasse
1396 3454 1529 3540 obloqui
1554 3455 1689 3539 possint.
1713 3490 1757 3497 -—

932 3563 1155 3646 Interrogabit
1175 3565 1347 3649 quispiam,
1372 3586 1431 3627 cur
1451 3585 1493 3626 ex
1509 3563 1560 3627 his
1576 3562 1666 3646 locis,
1691 3564 1813 3649 quippe
1830 3584 1911 3648 quos

842 3681 1011 3756 corruptos
1034 3693 1103 3734 esse
1123 3671 1203 3735 mihi
1226 3671 1452 3755 persuaserim,
1478 3669 1602 3756 aliquid
1619 3672 1699 3734 certi
1716 3669 1911 3733 concludere

842 3779 998 3842 omittam.
1038 3779 1084 3841 At
1104 3780 1257 3862 quoniam
1278 3801 1319 3841 ne
1340 3800 1429 3841 nunc
1446 3777 1588 3862 quidem,
1614 3778 1764 3862 quamvis
1781 3777 1911 3861 copiose

842 3897 875 3948 et
898 3885 940 3950 ad
964 3884 1180 3970 probandum,
1210 3885 1318 3966 oredo,
1348 3884 1592 3948 accommodate
1622 3884 1662 3947 de
1686 3884 1736 3947 his
1761 3884 1910 3947 versibus

842 3992 1089 4077 disputaverim,
1125 4014 1199 4055 curn
1229 3991 1302 4055 aliis
1330 4002 1400 4056 tum
1428 3990 1595 4073 Lindsaio,
1632 3999 1668 4054 ut
1697 3991 1823 4074 opinor,
1859 4013 1910 4054 res

841 4111 930 4163 certo
960 4099 1130 4184 explorata
1158 4121 1227 4162 esse
1255 4099 1417 4179 videatur,
1448 4107 1552 4161 certas
1581 4098 1784 4161 coniecturas
1807 4107 1844 4160 ut
1868 4120 1910 4160 ex

841 4208 881 4270 iis
906 4207 1032 4291 capiam
1057 4230 1077 4269 a
1099 4206 1164 4269 fide
1188 4228 1261 4269 mea
1284 4206 1460 4290 impetrare
1484 4227 1547 4268 non
1573 4226 1713 4289 possum.

930 4415 954 4483 ³⁸)
975 4414 1049 4480 Quae
1079 4434 1139 4468 cum
1167 4416 1205 4468 ita
1233 4415 1296 4480 sint,
1323 4413 1465 4467 retinenda
1489 4413 1595 4467 videtur
1618 4412 1678 4468 Cas.
1696 4432 1721 4465 v.
1739 4413 1800 4467 828.
1824 4412 1910 4466 forma

841 4504 867 4556 in
888 4507 911 4557 A
931 4504 1044 4557 tradita:

1008 4594 1049 4660 ,id
1067 4595 1200 4663 paruerunt,
1220 4595 1248 4645 id
1264 4592 1359 4654 colunt,
1378 4581 1441 4645 irue'c
1459 4600 1486 4645 ut
1505 4591 1603 4659 r'qt'e‘etu
1621 4591 1745 4644 νέᾶιίάηιι

842 4682 941 4751 quippo
959 4699 1035 4751 quae,
1055 4682 1077 4735 si
1095 4682 1203 4753 quidem
1218 4682 1347 4736 orationis
1360 4682 1474 4735 sormam
1487 4689 1648 4751 spectamus
1663 4680 1801 4750 aliquanto
1815 4677 1910 4732 melior

842 4770 885 4836 sit
896 4769 942 4821 illu
955 4769 1140 4824 palatinorum
1161 4771 1285 4836 lectione,
1305 4788 1385 4839 quam
1405 4769 1516 4823 metrica
1530 4769 1634 4822 ratione
1649 4768 1836 4822 concinnatam
1851 4786 1908 4821 esse

841 4877 895 4911 non
915 4868 1015 4913 temere
1034 4859 1190 4913 iudicemus.
