5509 6484
1386 1145 1429 1208 52

962 1321 1098 1385 Minime
1131 1332 1240 1386 autem
1271 1324 1452 1407 comparari
1481 1326 1623 1408 oportuit
1658 1324 1727 1389 Cic.
1751 1325 1866 1390 defin.
1891 1325 1946 1389 III

873 1430 927 1511 21,
953 1428 1010 1493 70:
1094 1426 1098 1431 ⁴

873 1538 1060 1613 ,amicitiam
1083 1547 1187 1599 uatem
1211 1537 1423 1600 adhibendam
1446 1560 1510 1601 esce
1534 1552 1667 1618 censeat,
1693 1542 1770 1622 qaia
1793 1541 1835 1602 αϊ
1855 1562 1893 1603 ea
1909 1562 1945 1603 ao

870 1666 983 1728 penore
1007 1665 1088 1728 quae
1106 1639 1266 1727 procant‘

873 1752 956 1814 Nam
986 1774 1036 1831 ,aa
1063 1774 1097 1814 eo
1123 1747 1247 1836 penare‘
1276 1751 1399 1815 dictum
1429 1762 1477 1815 est
1509 1773 1567 1836 pro
1597 1774 1646 1830 ‚ea
1675 1774 1782 1815 eoram
1807 1750 1944 1838 penere‘,

873 1858 959 1943 quod
987 1859 1080 1943 quasi
1108 1858 1206 1944 plane
1233 1868 1401 1943 appareat,
1431 1858 1641 1943 subiungitur
1668 1882 1761 1943 ,qaae
1784 1858 1942 1945 proaaat‘.

873 1965 1021 2029 Eandem
1045 1965 1130 2029 hanc
1146 1966 1300 2030 orationis
1321 1966 1458 2029 formam
1474 1965 1572 2050 longe
1588 1965 1718 2052 lateque
1734 1976 1848 2051 patere
1864 1969 1945 2032 satis

872 2084 1009 2139 constat.
1046 2074 1121 2137 Huc
1146 2074 1233 2138 cadit
1257 2075 1355 2137 etiam
1379 2073 1460 2138 illud
1486 2074 1576 2152 ,Solo
1599 2078 1633 2138 in
1658 2098 1691 2139 eo
1716 2098 1845 2140 numero
1860 2076 1941 2159 fait,

873 2185 930 2264 qai
952 2185 1108 2265 sapienter
1131 2180 1339 2261 iudicantar‘,
1364 2180 1475 2265 qualia
1499 2181 1651 2267 exempla
1669 2183 1735 2245 iam
1752 2183 1786 2245 in
1803 2184 1944 2247 scamnis

872 2289 975 2353 solent
999 2287 1167 2373 discipulis
1190 2287 1357 2352 inculcari.

960 2395 1096 2460 Nullum
1120 2395 1234 2461 horum
1252 2396 1477 2481 exemplorum
1501 2395 1600 2480 plane
1616 2397 1770 2460 convenit
1793 2384 1825 2460 in
1849 2396 1942 2461 illum

872 2504 1085 2589 Captivorum
1114 2526 1255 2584 versum,
1288 2527 1307 2566 a
1335 2526 1399 2589 quo
1428 2504 1557 2567 initium
1585 2504 1741 2588 cepimus,
1773 2504 1835 2568 nisi
1858 2503 1941 2569 forte

872 2612 982 2676 verbis
1018 2634 1111 2696 ,qaue
1146 2611 1369 2675 sustentabam‘
1404 2611 1437 2674 id
1471 2611 1558 2696 quod
1594 2612 1678 2675 inest
1712 2611 1744 2674 in
1779 2611 1942 2676 vocabulo

871 2716 1040 2797 ,miserioe‘
1065 2727 1230 2802 tamquam
1255 2717 1479 2781 circumscribi
1504 2728 1638 2801 statuas,
1663 2718 1785 2803 quade
1806 2741 1841 2782 re
1865 2718 1941 2782 licet

871 2825 1022 2889 dubitare
1058 2847 1095 2888 eo
1130 2826 1249 2908 magis,
1285 2824 1372 2909 quod
1409 2846 1487 2887 sane
1522 2824 1606 2888 bene
1636 2824 1757 2889 dicitur
1784 2828 1942 2905 ,miserias

871 2932 938 3013 (vel
962 2931 1168 3013 ,aer·umnac‘)
1192 2930 1392 3011 sustentare,
1428 2931 1469 2994 cf.
1492 2930 1612 3005 πόνους
1640 2932 1694 2995 vel
1722 2935 1942 3014 ταλαιπωρίας

872 3038 1008 3121 ὑπέχειν.
1281 3117 1285 3121 Δ

961 3146 1181 3232 Quapropter,
1217 3146 1280 3209 nisi
1313 3148 1420 3209 omnia
1449 3145 1567 3210 fallunt
1595 3156 1652 3210 aut
1679 3170 1738 3211 nos
1766 3146 1940 3210 admodum

870 3258 990 3321 frustra
1014 3277 1134 3336 sumus,
1164 3254 1387 3339 reponendum
1412 3264 1461 3318 est
1484 3252 1599 3338 ,qaae‘,
1626 3277 1689 3340 quo
1713 3255 1854 3340 reposito
1878 3254 1941 3319 for·

870 3385 956 3426 mam
980 3363 1135 3427 orationis
1159 3361 1339 3447 simplicem
1367 3384 1406 3425 ae
1435 3363 1594 3426 sinceram
1623 3362 1694 3425 fieri
1722 3364 1836 3447 utique
1864 3383 1941 3425 con·

870 3470 979 3534 cedas.
1037 3469 1076 3533 Id
1115 3471 1161 3533 ita
1200 3491 1269 3532 esse
1304 3468 1478 3553 Ussingius
1513 3470 1583 3554 ipse
1622 3492 1686 3534 non
1725 3469 1828 3533 multo
1866 3478 1941 3554 post

869 3574 1032 3639 intellexit
1058 3576 1112 3653 (cf.
1126 3598 1222 3660 quae
1246 3575 1287 3639 ad
1308 3575 1396 3638 hunc
1413 3575 1520 3639 locum
1536 3577 1568 3639 in
1587 3575 1728 3639 editione
1744 3573 1938 3656 adnotavit).

869 3682 960 3746 Nihil
995 3683 1103 3746 effecit
1138 3680 1333 3767 Spengelius
1368 3682 1590 3746 Palatinorum
1627 3684 1822 3768 scripturam
1860 3685 1941 3769 ipsis

869 3790 979 3855 verbis
1004 3789 1179 3854 defendere
1204 3798 1339 3854 conatus
1364 3789 1595 3868 (Reformvers.
1616 3813 1646 3875 p.
1666 3790 1766 3869 353.).

959 3898 1029 3961 Iam
1058 3897 1252 3961 accedamus
1280 3896 1321 3961 ad
1356 3896 1482 3982 reliqua
1518 3897 1698 3982 eademque
1732 3920 1796 3962 non
1832 3899 1940 3962 minus

870 4004 1027 4070 difficilia.
1077 4005 1253 4085 Quaeritur
1278 4005 1377 4087 enim,
1413 4016 1522 4068 utrum
1552 4005 1758 4069 retinendum
1788 4006 1829 4069 sit
1856 4004 1938 4069 illud

870 4112 933 4193 ,te‘,
969 4113 1056 4198 quod
1085 4113 1243 4196 scriptum
1272 4111 1406 4175 exhibet
1428 4112 1465 4194 P,
1491 4113 1520 4175 A
1546 4112 1678 4176 videtur
1705 4113 1860 4195 omisisse,
1897 4136 1938 4177 an

869 4241 943 4283 cum
960 4218 1070 4283 Leone
1095 4242 1137 4282 ex
1155 4218 1363 4283 Ambrosiam
1384 4221 1546 4304 scriptura
1570 4216 1684 4298 (bad)
1710 4208 1939 4285 extricandum

869 4328 910 4390 sit
935 4322 1025 4406 ,boc‘,
1061 4325 1094 4388 id
1123 4325 1210 4410 quod
1234 4347 1349 4389 vereor
1372 4348 1413 4389 ne
1442 4326 1607 4411 explorari
1635 4349 1698 4391 non
1727 4328 1839 4413 possit,
1875 4328 1938 4391 nisi
2023 4369 2026 4373 ⁴

868 4434 1169 4515 deliberaverimus,
1194 4456 1292 4520 quam
1316 4455 1487 4519 personam
1504 4434 1610 4518 Hegio
1626 4457 1823 4522 unoquoque
1839 4457 1938 4500 versu

869 4540 1012 4627 appellet
1044 4553 1101 4605 aut
1132 4540 1308 4626 intellegat.
1356 4540 1472 4626 Itaque
1508 4564 1583 4606 cum
1618 4565 1682 4606 non
1717 4544 1759 4607 sit
1790 4542 1937 4625 dubium,

868 4650 947 4733 quin
968 4671 999 4712 u.
1022 4648 1097 4713 923.
1125 4648 1268 4734 appellet
1297 4648 1400 4713 filium
1428 4672 1520 4713 suum
1550 4650 1584 4712 in
1612 4650 1798 4715 libertatem
1825 4672 1937 4714 recou-

868 4754 1024 4838 ciliatum,
1050 4755 1320 4819 verisimillimum
1345 4765 1394 4819 est
1418 4778 1449 4819 V.
1463 4756 1539 4821 925.
1558 4768 1706 4842 spectare
1730 4758 1772 4822 ad
1796 4756 1936 4821 eundem

868 4872 901 4926 et
924 4862 965 4926 ob
990 4862 1144 4926 orationis
1173 4863 1425 4927 concinnitatem
1454 4874 1487 4928 et
1514 4863 1556 4928 ob
1585 4865 1689 4949 ipsam
1725 4865 1936 4929 sententiam:

867 4992 1007 5056 namque
1058 4978 1191 5055 propter
1240 4970 1343 5034 filium
1402 4970 1568 5035 absentem
1622 4994 1725 5036 senex
1775 4971 1938 5037 maximas
