5509 6484
1314 1146 1354 1209 15

798 1328 900 1412 gitur,
947 1348 1045 1411 quam
1088 1324 1130 1388 ob
1169 1346 1237 1387 rem
1282 1318 1430 1404 ‚bonu'a‘,
1478 1322 1566 1409 quod
1612 1325 1725 1408 reponi
1763 1324 1869 1388 voluit
1922 1395 1925 1400 ,

798 1433 1013 1515 Ribbeckius‚
1048 1430 1297 1496 adsciscendum
1332 1453 1396 1495 non
1427 1452 1498 1494 esse
1527 1430 1688 1514 videatur,
1724 1440 1870 1515 praeter-

799 1565 896 1628 quam
925 1541 1012 1627 quod
1040 1540 1121 1605 illud
1145 1540 1241 1619 ‚bene‘
1265 1540 1299 1602 in
1329 1538 1444 1603 eodem
1473 1560 1571 1602 versu
1602 1537 1682 1602 alibi
1711 1538 1808 1602 aliam
1836 1539 1870 1602 in

799 1657 924 1734 partem
948 1646 1175 1732 accipiendum
1192 1646 1456 1709 efficacissimum
1472 1644 1671 1729 minimeque
1688 1668 1707 1708 a
1723 1655 1870 1710 sermone

800 1756 951 1821 Plautino
980 1756 1123 1820 alienum
1152 1765 1209 1819 est.
1269 1746 1423 1840 Denique
1455 1754 1557 1819 verbo
1592 1756 1747 1819 veniendi
1782 1756 1870 1842 apud

800 1864 954 1928 Plautum
970 1886 1098 1948 semper
1113 1862 1277 1949 propriam
1295 1863 1363 1926 vim
1385 1862 1627 1926 attribuendam
1646 1886 1715 1927 esse
1732 1864 1871 1950 ideoque

800 1971 939 2053 obstare,
964 1975 1137 2056 quominus
1160 1972 1222 2036 hoc
1246 1969 1317 2034 loco
1341 1971 1454 2049 ‚vania‘
1475 1990 1549 2033 cum
1567 1970 1677 2034 Leone
1692 1971 1726 2033 in
1743 1980 1871 2035 textum

799 2080 1009 2163 recipiamuS,
1057 2077 1239 2165 Seyffertus
1285 2086 1374 2141 recte
1421 2078 1583 2141 monuisse
1622 2078 1702 2140 mihi
1740 2078 1872 2143 videtur

801 2185 901 2264 (Phil.
921 2185 1025 2249 Woclr.
1043 2186 1138 2248 XVI.
1155 2184 1245 2262 234).
1282 2184 1424 2248 Proinde
1448 2193 1629 2269 perstemus
1652 2185 1686 2248 in
1710 2187 1872 2271 scriptura

801 2292 965 2375 codicum,
1001 2294 1152 2378 quamvis
1180 2301 1303 2356 certam
1333 2292 1401 2355 Leo
1430 2292 1652 2356 coniecturam
1680 2316 1772 2357 suam
1801 2316 1871 2358 esse

708 2445 713 2457 .
801 2400 909 2463 ducat.
958 2398 1111 2464 Ceterum
1136 2400 1266 2463 diversa
1289 2398 1347 2463 illa
1370 2398 1545 2463 verborum
1570 2399 1750 2482 collocatio,
1787 2423 1871 2486 quae
1906 2383 1907 2386 Ἴ

801 2508 835 2571 in
851 2507 914 2571 ΑΡ
939 2508 1090 2589 occurrit,
1115 2506 1194 2570 mihi
1218 2506 1350 2570 videtur
1373 2506 1553 2590 repetenda
1577 2529 1646 2570 esso
1671 2507 1758 2589 inde,
1783 2509 1870 2593 quod

801 2614 835 2677 in
870 2614 1012 2678 editione
1040 2614 1262 2677 vetustissima
1296 2622 1353 2676 aut
1388 2614 1468 2676 initi
1500 2622 1558 2677 aut
1593 2613 1667 2677 bene
1700 2636 1872 2700 perperam

802 2722 955 2786 omissum
978 2730 1156 2806 posteaque
1186 2721 1442 2805 suprascriptum
1471 2719 1543 2802 fuit,
1576 2743 1639 2806 quo
1664 2721 1871 2806 factumest,

801 2838 839 2892 ut
870 2828 958 2892 idem
987 2828 1126 2892 verbum
1161 2829 1195 2891 in
1229 2828 1418 2891 recensione
1454 2826 1557 2891 altera
1591 2828 1729 2892 alterum
1765 2828 1873 2894 locum

802 2937 1054 3000 nancisceretur.
1102 2935 1168 3000 Sed
1199 2934 1394 3020 perdifficile
1424 2944 1473 2998 est
1501 2935 1601 3015 dictu,
1639 2946 1713 2999 utra
1741 2936 1872 3000 tandem

801 3043 898 3107 lectio
915 3044 956 3108 sit
972 3042 1193 3107 adsciscenda.
1223 3043 1295 3126 Ego
1313 3041 1445 3127 quidem
1458 3041 1681 3106 Palatinorum
1701 3042 1872 3107 lectionem

802 3160 1007 3236 anteponam,
1033 3159 1069 3214 ut
1093 3172 1176 3236 quae
1200 3149 1357 3235 praebeat
1378 3149 1559 3213 chiasmum
1576 3173 1595 3212 a
1611 3172 1758 3214 sermone
1774 3149 1873 3213 Plau-

803 3259 870 3321 tino
893 3258 981 3322 haud
1005 3258 1147 3321 alienum
1172 3256 1248 3335 (ubi
1270 3257 1344 3320 bene
1369 3306 1511 3321 .....
1536 3257 1610 3320 boue
1633 3258 1738 3336 mill).

804 3441 878 3501 Cae.
894 3443 956 3500 157
975 3458 1048 3518 sqq.
1068 3437 1198 3522 faciam
1214 3439 1260 3501 uti
1275 3439 1412 3521 proinde
1428 3449 1464 3500 ot
1479 3442 1524 3500 dat
1539 3438 1654 3521 dlpnua
1671 3443 1765 3500 citam
1781 3438 1872 3517 color,

1148 3524 1339 3627 dehortatis
1360 3564 1525 3648 pabulam,

1014 3672 1124 3756 fldpitz'
1141 3676 1329 3756 pe'raaqae'n·
1354 3670 1490 3757 (flapitii
1511 3671 1604 3751 ΑΡ),

1106 3784 1166 3842 te'm
1187 3779 1345 3842 stabulum
1367 3779 1571 3863 aequumst)

893 3904 1015 3989 ‚stapiti
1031 3898 1278 3988 persequentem‘
1302 3904 1383 3967 mihi
1402 3904 1534 3968 videtur
1557 3926 1627 3967 esse
1651 3900 1872 3966 retinendum:

803 4032 879 4074 nam
907 4010 1115 4074 accusativus
1143 4012 1267 4095 positus
1296 4021 1353 4092 est,
1391 4013 1484 4096 quasi
1518 4020 1615 4095 poeta
1650 4033 1693 4073 ex
1722 4009 1761 4072 iis
1789 4030 1874 4093 quac

803 4116 1005 4202 praecedunt
1027 4117 1124 4202 plane
1149 4119 1316 4202 repetierit
1340 4117 1463 4199 ‚illum‘,
1490 4140 1574 4204 quae
1598 4117 1753 4181 orationis
1769 4116 1874 4179 forma

805 4224 862 4303 (sc.
870 4224 985 4306 facere
1003 4225 1153 4309 aliquem,
1179 4239 1213 4289 ut
1235 4224 1318 4310 sqq.)
1336 4226 1424 4310 apud
1441 4225 1595 4289 Plautum
1612 4224 1767 4288 latissime
1783 4232 1874 4308 patet

804 4328 910 4413 (velut
940 4331 1059 4416 Amph.
1085 4332 1128 4396 54
1144 4356 1191 4418 sq.
1221 4334 1346 4418 297sq.
1376 4332 1442 4397 583
1459 4356 1505 4418 sq.
1554 4331 1646 4396 Asin.
1671 4331 1725 4396 28.
1762 4330 1872 4395 Aulul.

804 4439 884 4519 4433
921 4439 995 4503 797.
1058 4438 1153 4525 (lapt.
1184 4441 1249 4505 609
1274 4462 1320 4525 sq.
1385 4440 1458 4506 Cas.
1490 4441 1554 4504 746
1578 4463 1626 4526 sq.
1688 4438 1767 4503 Oist.
1798 4438 1872 4503 645.

804 4650 853 4702 per
875 4650 904 4685 se
927 4632 1016 4701 ipsum
1039 4650 1089 4702 ego
1114 4632 1222 4702 quidem
1245 4650 1295 4702 pro
1319 4632 1459 4702 explorato
1483 4630 1579 4684 habeo.
1616 4630 1729 4698 Nempe,
1757 4629 1809 4682 nisi
1836 4629 1875 4681 ita

805 4728 884 4788 esset,
903 4720 1000 4774 Plauto
1019 4739 1074 4775 non
1094 4721 1213 4774 licuisset
1232 4720 1320 4774 dicere
1341 4740 1402 4774 cum
1421 4720 1473 4772 alia
1492 4727 1549 4772 tum
1568 4717 1635 4771 haec
1654 4717 1727 4785 (cas.
1740 4716 1816 4783 615):

996 4829 1062 4863 nurzc
1081 4819 1108 4863 tu
1126 4811 1189 4862 neilti
1206 4811 1302 4862 amicus
1320 4828 1345 4863 ea
1363 4811 1391 4862 in
1408 4826 1557 4880 pervacuum
1575 4808 1683 4860 modum.

912 4899 937 4966 ¹⁵)
961 4897 1005 4952 Sic
1028 4918 1108 4969 possa
1131 4917 1224 4953 versus
1244 4898 1353 4952 discribi
1373 4918 1435 4952 cum
1453 4896 1582 4951 Lindsaio
1603 4895 1754 4958 consentio;
1777 4894 1876 4965 ‘depicti

806 4994 895 5041 autem
914 4988 1011 5043 Plauto
1030 4988 1076 5042 vix
1095 5007 1153 5042 esse
1172 4987 1364 5042 vindicandum
1384 4986 1521 5041 Vahlenus
1541 4984 1606 5039 mihi
1624 4984 1757 5055 probavit.
