5509 6484
1360 1143 1402 1207 13

846 1315 985 1381 editores
1009 1318 1187 1383 offensuros
1211 1318 1375 1405 aliumque
1400 1320 1465 1385 alia
1484 1321 1588 1387 verba
1604 1345 1622 1385 e
1638 1331 1733 1387 textu
1755 1324 1915 1387 eiecturos

845 1446 910 1487 non
935 1424 1035 1489 fuisse
1059 1426 1221 1508 existim0,
1245 1427 1308 1491 nisi
1332 1427 1447 1491 eadem
1468 1428 1645 1494 difficultas
1665 1431 1801 1495 metrica
1817 1452 1915 1515 appa·

845 1531 973 1596 ruisset.
1008 1532 1104 1595 Nunc
1125 1540 1234 1597 autem
1257 1556 1389 1598 versum
1413 1557 1529 1600 censeo
1546 1536 1710 1621 integrum
1733 1560 1802 1602 esse
1820 1537 1916 1601 relin-

845 1639 1011 1724 quendum
1035 1650 1067 1704 et
1090 1642 1137 1705 sic
1160 1640 1348 1725 legendum:

846 1802 934 1884 quia,
959 1803 989 1864 su'
1010 1801 1069 1865 ula
1090 1804 1247 1867 iuve'ntoat
1269 1824 1366 1887 quum
1388 1801 1442 1865 tlte
1464 1814 1552 1867 amat
1573 1774 1652 1868 cubit
1673 1816 1755 1869 recte
1775 1771 1809 1869 εἰΙ
1822 1806 1914 1869 calet.

846 1933 912 1999 Sed
935 1936 963 1999 si
986 1936 1058 2020 quis
1082 1945 1196 2000 contra
1216 1937 1278 2001 hoc
1298 1937 1387 2001 dicat
1403 1937 1502 2018 ,τηύιίι
1520 1959 1800 2023 supervacaneum
1816 1947 1915 2025 atque

846 2041 928 2106 adeo
951 2042 1099 2128 ineptum
1124 2066 1204 2127 esse,
1229 2066 1302 2108 cum
1323 2045 1389 2108 iam
1405 2066 1436 2108 v.
1453 2043 1517 2109 188
1540 2044 1719 2134 Chrysalus
1735 2030 1915 2110 Pistoclero

806 2204 809 2210 ,
844 2149 1085 2235 praedicaverit
1113 2173 1204 2215 erum
1228 2173 1322 2215 suum
1346 2152 1470 2234 vivere,
1503 2173 1576 2215 eum
1600 2174 1725 2236 moneo,
1754 2162 1791 2217 ut
1813 2153 1916 2239 probe

845 2278 955 2320 secum
990 2257 1229 2343 contempletur
1263 2267 1297 2321 et
1330 2257 1412 2321 haec
1447 2258 1518 2343 ipsa
1552 2259 1655 2323 verba
1690 2268 1722 2324 et
1757 2282 1796 2324 ea
1831 2282 1916 2347 quae

844 2374 1039 2450 sequnntur:
1065 2387 1140 2429 nam
1161 2365 1283 2429 dicitur
1297 2387 1362 2430 non
1380 2367 1490 2445 ‚oivit‘,
1515 2366 1572 2430 sed
1593 2370 1685 2447 ,uiuit
1698 2366 1802 2447 recte‘,
1828 2368 1915 2455 quod

845 2494 909 2535 non
933 2471 1021 2536 idem
1045 2481 1103 2536 est.
1147 2471 1288 2536 Accedit
1311 2472 1399 2557 quod
1423 2472 1533 2537 verbis
1557 2476 1647 2554 ‚vivit
1668 2486 1749 2539 recte
1771 2488 1800 2540 et
1821 2470 1916 2540 calet‘

845 2580 965 2663 optime
1000 2579 1198 2664 respondent
1233 2578 1336 2643 verba
1374 2582 1492 2660 ,miuus
1529 2581 1612 2645 ualet
1647 2582 1916 2668 moribundusque

844 2682 907 2769 eat‘,
938 2708 1003 2771 qua
1026 2687 1203 2751 verborum
1231 2685 1445 2752 collocatione
1469 2687 1571 2752 oritur
1594 2689 1757 2754 chiasmus
1781 2690 1914 2775 quidam

843 2803 880 2860 ut
912 2796 1027 2880 opinor
1056 2794 1143 2858 haud
1176 2794 1424 2879 vituperandus.
1471 2795 1576 2877 ‚recte‘
1603 2818 1696 2880 vero,
1732 2796 1819 2882 quod
1849 2819 1916 2861 una

844 2925 918 2967 cum
942 2901 1105 2988 particula
1126 2898 1180 2979 ,et‘
1201 2900 1335 2966 seclusit
1354 2901 1562 2985 Ritschelius,
1587 2902 1700 2967 deesse
1723 2905 1915 2990 neutiquam

843 3032 938 3095 posse
970 3009 1043 3094 quis
1078 3017 1128 3073 est
1159 3010 1215 3095 qui
1250 3029 1314 3072 non
1342 3007 1534 3091 intellegat?
1584 3010 1624 3073 cf.
1651 3033 1725 3075 cum
1753 3010 1818 3074 alia
1845 3020 1915 3075 tum

845 3117 965 3202 Amph.
982 3116 1045 3182 581
1065 3138 1153 3204 sqq.:

844 3243 988 3327 equidem
1010 3243 1098 3307 caleo
1126 3255 1155 3306 et
1181 3242 1286 3305 saluos
1313 3264 1384 3305 aum
1405 3254 1497 3322 recte,
1526 3242 1727 3328 Amphitruo.
1755 3276 1795 3287 -
1819 3243 1865 3307 At
1887 3255 1915 3307 te

844 3372 899 3432 epo
914 3349 1045 3434 faciam
1066 3349 1159 3446 bodie
1182 3395 1358 3413 ......
1383 3360 1419 3412 ut
1439 3350 1545 3412 miuus
1567 3350 1674 3413 ualeat
1698 3363 1726 3414 et
1748 3352 1844 3414 miser
1859 3353 1913 3414 aia.

846 3483 935 3547 Ecce
963 3482 1078 3547 eadem
1108 3484 1309 3547 concinnitas
1337 3483 1493 3548 orationis
1521 3506 1565 3548 sc.
1588 3492 1726 3569 excepto
1758 3484 1912 3548 chiasmo.

845 3590 971 3655 Tantae
1010 3588 1102 3654 molis
1141 3598 1212 3655 erat
1249 3592 1346 3655 unius
1385 3613 1499 3655 versus
1536 3591 1680 3656 Plautini
1719 3591 1914 3677 scripturam

844 3697 997 3762 traditam
1022 3696 1065 3761 ab
1088 3697 1218 3762 iniustis
1248 3719 1332 3784 quae
1360 3698 1516 3761 videntur
1542 3697 1782 3782 suspicionibus
1806 3697 1914 3761 vindi-

843 3828 928 3889 care,
953 3805 987 3869 id
1011 3805 1098 3892 quod
1121 3805 1202 3869 mihi
1225 3806 1400 3889 contigisse
1424 3827 1527 3890 spero.
1564 3803 1657 3883 Quae
1681 3826 1755 3869 cum
1776 3806 1822 3869 ita
1838 3806 1912 3887 sint,

843 3936 908 3977 non
931 3912 1165 3995 dubitabimus,
1189 3921 1226 3977 ut
1249 3914 1373 3997 opinor,
1399 3913 1496 3975 etiam
1520 3909 1622 3975 verbo
1637 3910 1807 3989 ‚iuventua‘
1823 3934 1913 3975 men·

843 4044 952 4087 suram
971 4010 1168 4109 bisyllabam
1190 4020 1347 4084 adhibere
1363 4019 1459 4084 Most.
1477 4019 1529 4083 30.
1547 4019 1645 4084 Poen.
1667 4018 1763 4084 1183.
1792 4018 1911 4083 Pseud.

844 4130 920 4211 202,
945 4129 1006 4193 etsi
1030 4128 1128 4192 huius
1151 4128 1242 4191 vocis
1265 4136 1416 4191 naturam
1438 4148 1504 4190 non
1524 4125 1661 4190 eandem
1678 4148 1749 4190 esse
1765 4135 1911 4211 apparet.

843 4236 935 4301 Idem
963 4235 1025 4300 boc
1053 4234 1229 4299 dicendum
1257 4243 1305 4299 est
1334 4234 1374 4298 de
1403 4234 1507 4298 forma
1533 4232 1685 4317 ,favitor‘
1713 4233 1834 4319 Amph.
1854 4232 1912 4313 6*st

844 4344 901 4426 783
919 4344 972 4410 79.
1008 4343 1134 4408 Eadem
1158 4342 1220 4407 hac
1245 4342 1370 4407 ratione
1394 4340 1482 4405 haud
1506 4341 1573 4405 scio
1594 4364 1636 4405 an
1657 4340 1790 4405 defendi
1811 4342 1913 4426 possit

842 4451 993 4516 codicum
1016 4452 1179 4537 scriptura
1202 4449 1319 4515 Pseud.
1338 4450 1418 4514 802:

870 4621 1033 4687 bominum
1059 4591 1199 4687 udentia
1232 4626 1286 4707 690
1314 4642 1384 4683 sum
1404 4618 1517 4701 suctus
1548 4618 1724 4704 improbior
1751 4623 1875 4702 coquos.

841 4756 965 4842 Neque
986 4757 1072 4821 enim
1100 4766 1157 4821 aut
1185 4752 1378 4836 ,bominum‘,
1415 4775 1512 4839 quam
1541 4774 1656 4817 vocem
1684 4752 1781 4817 eiecit
1811 4752 1911 4816 Lind-

841 4863 939 4945 saius,
965 4862 1079 4928 deesse
1102 4871 1210 4949 potest
1232 4870 1365 4947 propter
1390 4873 1519 4946 ,meopte
1538 4856 1689 4946 iuqeue'o‘,
1714 4869 1771 4924 aut
1791 4860 1912 4924 Leonis

841 4971 1030 5035 coniectura
1064 4971 1238 5050 ,bominum
1264 4963 1363 5050 vitio‘‚
1401 4990 1466 5054 qua
1500 4968 1668 5053 aliquanto
1703 4966 1820 5031 exilior
1854 4967 1912 5031 fiat
