5509 6484
1352 1157 1396 1222 54

932 1336 996 1401 Sed
1032 1359 1073 1400 ne
1108 1337 1181 1422 quis
1216 1346 1329 1401 contra
1364 1336 1445 1401 haec
1474 1336 1564 1401 dicat
1590 1336 1670 1401 talia
1697 1337 1731 1400 in
1761 1335 1915 1401 versibus

841 1442 1028 1508 bacchiacis
1051 1464 1182 1528 prorsus
1206 1443 1354 1508 inaudita
1378 1466 1458 1527 esse,
1483 1445 1625 1529 primum
1641 1444 1703 1509 hoc
1717 1465 1845 1526 moneo,
1870 1443 1915 1508 de

842 1550 992 1615 versibus
1020 1549 1216 1633 bacchiach,
1250 1560 1286 1615 ut
1315 1560 1390 1615 sunt
1417 1551 1559 1615 iambica
1586 1560 1691 1615 metra
1718 1559 1913 1639 syncopato,

841 1679 906 1723 non
924 1657 1020 1722 aliter
1036 1657 1248 1722 iudicandum
1266 1680 1336 1722 esse
1360 1680 1399 1722 ac
1423 1658 1464 1722 de
1488 1658 1637 1723 iambicis
1652 1657 1803 1723 versibus
1819 1657 1912 1744 ipsis,

842 1788 862 1829 a
885 1764 1003 1850 quibus
1027 1786 1133 1850 neque
1156 1764 1217 1828 hoc
1245 1762 1301 1844 (cf.
1319 1787 1403 1850 quae
1433 1764 1571 1850 exposui
1594 1765 1636 1829 ad
1660 1765 1751 1829 Trin.
1769 1786 1801 1830 v.
1818 1761 1914 1843 413.)

842 1871 985 1937 alienum
1014 1880 1063 1936 est
1089 1893 1195 1956 neque
1224 1870 1305 1936 illud
1340 1869 1396 1953 (cf.
1421 1895 1460 1936 ea
1482 1871 1645 1957 exempla,
1674 1893 1758 1957 quse
1787 1872 1915 1937 contuli

842 1978 883 2043 ad
900 1978 999 2042 Poen.
1017 2001 1049 2042 v.
1066 1976 1168 2058 922).
1204 1978 1345 2060 Deinde,
1362 2001 1560 2064 quamquam
1577 2001 1651 2043 rara
1667 2002 1737 2044 esse
1753 1979 1911 2064 concedo,

843 2096 951 2150 tamen
986 2107 1050 2149 non
1087 2084 1204 2149 desunt
1237 2084 1389 2170 exempla
1424 2107 1467 2149 sc.
1492 2107 1510 2149 e
1539 2085 1689 2150 versibus
1724 2086 1914 2151 bacchiacis

843 2196 973 2276 sumpta
996 2191 1088 2255 velut

845 2309 945 2373 Poen.
963 2308 1043 2373 233:
1080 2308 1189 2390 ‚miror
1213 2310 1365 2393 equidem,
1391 2310 1491 2388 sdror,
1517 2322 1545 2373 tc
1569 2311 1664 2373 istaec
1687 2311 1734 2373 ric
1747 2310 1914 2390 fdbuldri‘

843 2433 901 2498 ubi
925 2431 1035 2514 ‚ro'ror‘
1065 2432 1178 2497 eodem
1214 2433 1309 2497 modo
1345 2433 1552 2498 tractandum
1587 2445 1636 2498 est
1664 2456 1704 2499 ac
1732 2432 1849 2521 ,adpor‘
1878 2435 1912 2500 in

844 2542 964 2605 cretico
988 2550 1091 2605 metro
1115 2539 1189 2605 Cas.
1210 2540 1283 2605 168.
1309 2541 1364 2621 (cf.
1383 2541 1479 2606 Most.
1499 2537 1598 2623 704).

933 2647 1103 2730 Subiungo
1138 2657 1272 2732 propter
1299 2647 1546 2713 similitudinem
1575 2649 1740 2734 quandam
1764 2648 1860 2714 Most.
1879 2672 1913 2715 v.

846 2754 932 2836 794„
958 2755 1042 2818 sicut
1066 2755 1099 2816 in
1124 2752 1183 2817 ΑΡ
1207 2754 1346 2817 traditus
1371 2763 1434 2818 est:

920 2870 1002 2956 ,Ape
1025 2871 1086 2933 dae
1109 2875 1166 2933 mc'.
1194 2905 1231 2912 —
1259 2868 1346 2933 Num
1368 2871 1494 2935 mo'ror?
1518 2907 1560 2915 —
1586 2870 1768 2957 Subsequor
1790 2875 1841 2936 ιε’)

844 3020 942 3083 quem
971 3019 1102 3061 versum
1137 2996 1279 3061 debilem
1308 3019 1378 3061 esse
1406 2997 1474 3061 Leo
1503 2999 1617 3062 statuit
1644 3019 1751 3083 neque
1780 2997 1914 3062 demon·

844 3106 970 3170 stravit.
1018 3104 1121 3168 Immo
1151 3126 1229 3168 vero
1257 3106 1289 3168 in
1318 3127 1471 3169 mensura
1499 3107 1571 3190 ipsa
1600 3099 1726 3184 ,οηόνόνί
1755 3106 1820 3169 iam
1848 3127 1913 3171 non

845 3214 1029 3293 haeremus3
1063 3212 1201 3276 trimetri
1224 3223 1333 3277 autem
1358 3213 1527 3277 bacchiaci
1550 3213 1747 3277 tetrametris
1770 3213 1914 3278 immixti

845 3321 933 3407 apud
972 3319 1127 3383 Plautum
1167 3321 1296 3405 saepius
1335 3321 1548 3385 inveniuntur
1586 3319 1677 3383 velut
1716 3320 1803 3385 Men.
1835 3320 1912 3385 573.

845 3429 940 3493 Most.
959 3428 1017 3508 893
1041 3428 1094 3490 94.
1120 3425 1217 3490 Poen.
1236 3427 1317 3508 2453
1342 3424 1479 3510 246(?);
1504 3428 1585 3492 26οε

1056 3542 1180 3623 ,liupila
1203 3542 1276 3604 huic
1300 3545 1418 3606 recido
1440 3546 1475 3605 rit
1498 3565 1553 3628 eqo
1578 3543 1703 3629 ορτήόνί

845 3678 944 3753 atque
967 3668 990 3731 ii
1014 3667 1215 3751 pracsertim,
1244 3667 1302 3731 ubi
1325 3689 1429 3752 pausa
1452 3667 1613 3753 quaedam
1637 3667 1773 3731 actionis
1796 3667 1834 3731 fit
1857 3676 1915 3734 aut

846 3786 950 3840 totum
978 3783 1123 3862 systema
1150 3773 1342 3857 absolvitur,
1371 3797 1509 3860 quorum
1536 3775 1618 3839 illud
1648 3776 1746 3839 etiam
1769 3775 1804 3839 in
1827 3775 1914 3840 hunc

846 3881 1066 3947 llostellariae
1095 3904 1226 3946 versum
1255 3884 1423 3947 convenit:
1460 3906 1535 3946 nam
1564 3881 1811 3967 Theopropides
1835 3882 1914 3946 Tra-

846 3992 965 4076 nicque
992 3991 1057 4054 iam
1086 4002 1226 4076 pergunt
1255 3992 1346 4055 adire
1374 3991 1415 4054 ad
1441 3991 1538 4055 aedes
1563 3990 1703 4055 Simonis
1732 3990 1915 4076 etreliqua

846 4099 879 4161 in
896 4098 1012 4161 itinere
1028 4099 1114 4161 inter
1136 4120 1171 4161 se
1195 4097 1433 4183 colloquuntur.
1474 4098 1547 4161 Non
1564 4099 1671 4161 minus
1687 4097 1767 4160 mihi
1783 4097 1915 4162 videtur

847 4205 965 4288 dignus
990 4206 1046 4290 qui
1070 4205 1260 4269 attendatur
1283 4205 1428 4269 eiusdem
1453 4204 1589 4268 Poenuli
1613 4226 1645 4268 v.
1663 4204 1744 4268 223:

977 4324 1044 4400 ,ead
1064 4326 1121 4384 rto's
1146 4321 1293 4401 lavando,
1320 4322 1450 4384 cluendo
1475 4320 1602 4404 dperam
1626 4316 1788 4383 dederunt

847 4444 904 4509 ubi
930 4444 1131 4529 paenultima
1156 4455 1305 4529 correpta
1329 4453 1387 4527 cst,
1412 4466 1496 4529 quae
1521 4446 1681 4530 correptio
1703 4445 1799 4509 etiam
1817 4440 1916 4508 latius

847 4561 939 4637 patet
961 4551 1053 4615 velut
1081 4553 1114 4615 in
1138 4552 1273 4616 senariis
1296 4551 1446 4615 iambicis
1470 4552 1559 4615 Pers.
1580 4552 1644 4616 160
1667 4547 1915 4634 (,ἰοοάυενίιηι“);

848 4660 922 4723 Ter.
930 4659 1015 4723 Eun.
1023 4659 1154 4744 prol20
1168 4658 1368 4742 (puerunt),
1382 4660 1415 4723 in
1427 4660 1620 4743 septenariis
1632 4660 1806 4724 trochaicis
1818 4658 1914 4722 Most.

848 4765 910 4830 281
939 4765 1185 4847 (‚rne'ruerr'mt‘)3
1209 4766 1307 4830 Truc.
1324 4765 1390 4830 468
1416 4765 1663 4852 (premerunt),
1687 4768 1720 4830 in
1742 4767 1916 4831 octonariis

847 4872 995 4937 iambicis
1008 4871 1128 4957 Amph.
1145 4872 1207 4936 184
1222 4872 1438 4955 (‚fr1r·errhzt‘)3
1452 4874 1572 4938 Bacch.
1586 4874 1651 4939 928
1665 4873 1915 4959 (sedifferunt),

848 4982 927 5067 quin
958 4982 1055 5044 etiam
1079 4982 1112 5043 in
1137 4980 1310 5068 dactylicis
1333 4980 1483 5045 versibus
1507 5003 1750 5069 nonnumquam
1775 4981 1916 5046 occurrit
