5509 6484
1386 1146 1442 1220 14,

871 1322 1025 1385 orationis
1049 1321 1162 1405 forma,
1196 1321 1290 1386 nobis
1313 1322 1472 1407 probatur
1495 1329 1552 1385 aut
1575 1330 1721 1407 apparet,
1758 1344 1816 1385 our
1840 1321 1943 1385 verba

871 1427 1032 1514 quaedam
1060 1428 1201 1513 quodam
1234 1429 1343 1494 modo·
1365 1429 1608 1514 transponenda
1642 1430 1716 1493 sint.
1768 1428 1833 1493 Sed
1862 1429 1942 1492 haeo

872 1535 1041 1599 haetenus.

872 1716 943 1779 Mil.
961 1718 1057 1776 1419.
1106 1714 1142 1776 di
1163 1713 1223 1778 tibi
1244 1714 1319 1778 bene
1337 1714 1471 1796 faciant
1494 1736 1623 1800 semper,
1655 1737 1749 1799 quom
1772 1716 1944 1778 advocatus

1279 1821 1359 1884 miti
1381 1820 1485 1885 honest
1507 1820 1539 1885 A

873 1928 909 1990 di
923 1926 983 1991 tibi
996 1926 1070 1991 bene
1077 1926 1212 2009 saciant
1230 1950 1362 2013 semper,
1388 1951 1483 2013 quom
1499 1930 1671 1992 advocatas
1687 1928 1856 1992 benenati
1870 1950 1901 1991 ea
1916 1929 1943 1991 P

1320 2035 1425 2114 (adeat
1447 2035 1502 2115 B).

816 2140 819 2144 ,
874 2160 941 2224 Leo
977 2157 1039 2240 (Pl.
1062 2160 1099 2223 F.
1122 2181 1153 2244 p.
1176 2155 1222 2240 9.)
1257 2160 1299 2223 ab
1335 2159 1545 2225 Ambrosiani
1579 2161 1741 2246 scriptura
1774 2161 1943 2246 profectus

874 2266 987 2329 statuit
1011 2265 1219 2330 scribendum
1244 2288 1314 2330 esse
1338 2266 1431 2346 ‚mitt
1452 2265 1551 2329 oenia‘
1579 2286 1612 2330 et
1639 2268 1799 2351 imprimis
1830 2268 1945 2352 explo-
2061 2310 2065 2317 ι

873 2381 979 2436 ratam
1003 2394 1073 2436 esse
1096 2394 1166 2436 rem
1182 2374 1358 2457 existimat,
1385 2374 1538 2459 quoniam
1554 2372 1637 2437 illud
1654 2373 1752 2455 ‚bene‘
1768 2375 1945 2459 posteriore

874 2479 945 2545 loeo
984 2480 1126 2565 positum
1164 2479 1206 2543 ab
1245 2481 1333 2544 omni
1367 2481 1546 2545 Latinitate
1586 2480 1760 2545 abhorreat
1800 2482 1946 2567 (spraoh-

875 2588 992 2671 widrig
1015 2595 1052 2651 ut
1075 2588 1121 2651 ait
1144 2588 1227 2673 ipse)
1245 2598 1481 2675 praetereaque
1505 2599 1601 2673 poeta
1616 2590 1800 2667 ,advocatus
1820 2588 1880 2652 tibi
1899 2611 1944 2669 ee,

875 2697 981 2773 venio,
1022 2696 1148 2771 adram,
1190 2695 1293 2758 adato‘
1332 2695 1440 2759 dioero
1475 2696 1631 2780 potuerit,
1671 2697 1855 2785 ‚qdooeatua
1890 2695 1949 2759 tibi

876 2800 957 2864 aam‘
993 2800 1101 2864 dieere
1135 2822 1201 2865 non
1236 2802 1388 2885 potuerit.
1444 2800 1509 2865 Sed
1540 2802 1627 2887 quod
1655 2801 1717 2865 hoo
1752 2802 1818 2865 diei
1853 2824 1947 2887 posse

876 2916 985 2992 negat,
1010 2907 1141 2971 videtur
1165 2929 1289 2971 errare:
1321 2930 1428 2994 neque
1454 2910 1538 2972 enim
1562 2910 1710 2973 meminit
1733 2908 1947 2993 Blepharonis

877 3014 980 3078 verba
1003 3013 1137 3099 (Amph.
1157 3014 1275 3093 1038):

878 3140 959 3223 qaid
986 3150 1079 3225 opust
1106 3161 1153 3201 me
1181 3140 1343 3221 aduocato,
1375 3143 1432 3223 qui
1456 3142 1522 3204 atri
1548 3143 1608 3204 aim
1632 3143 1803 3205 advocatus
1826 3141 1949 3205 neseio?
2046 3138 2048 3143 ’

878 3263 919 3328 of.
946 3265 1043 3328 etiam
1066 3263 1151 3327 Rud.
1169 3263 1245 3329 890.
1271 3263 1363 3328 Asin.
1381 3263 1440 3329 57:

1103 3402 1159 3452 tun
1183 3411 1213 3452 ea
1238 3390 1367 3453 adiutor
1389 3414 1474 3453 noae
1497 3393 1620 3454 amanti
1632 3391 1727 3473 filio?

1035 3496 1124 3560 Pers
1143 3496 1225 3560 842:
1261 3519 1316 3581 epo
1340 3520 1410 3559 aaut
1433 3497 1493 3561 tibi
1512 3511 1668 3583 patronas
1690 3499 1795 3582 plane.

829 3611 834 3621 ⁸
879 3621 964 3703 Iam,
1000 3630 1172 3706 postquam
1207 3620 1289 3685 illud
1322 3622 1506 3701 ‚advocatus
1533 3622 1613 3684 mitt
1639 3618 1682 3683 ea‘
1709 3620 1750 3683 ab
1782 3621 1870 3683 omni
1899 3643 1949 3683 su-

880 3729 1026 3814 spicione
1037 3728 1290 3811 vindicavimus,
1308 3728 1530 3813 quaerendum
1548 3736 1596 3791 est
1611 3728 1715 3811 nobie,
1733 3727 1949 3792 conveniatne

881 3859 954 3902 oum
979 3837 1040 3901 hae
1064 3838 1219 3901 orationis
1241 3837 1345 3901 forma
1365 3835 1559 3900 adverbium
1580 3831 1687 3916 ‚bene‘.
1724 3835 1834 3921 Atque
1852 3834 1949 3898 etiam

881 3945 942 4008 hoe
970 3944 1041 4008 fieri
1068 3967 1163 4030 posse
1198 3965 1360 4026 assevero,
1397 3944 1466 4007 sive
1498 3966 1569 4008 eam
1597 3945 1665 4008 vim
1693 3966 1777 4030 quae
1804 3944 1889 4006 inest
1916 3942 1950 4005 in

882 4049 1140 4137 ‚opportune‘*),
1169 4049 1224 4132 (ef.
1247 4051 1317 4115 Mil.
1340 4052 1420 4116 898:
1457 4052 1544 4132 ‚heae
1567 4066 1805 4137 opportuneque
1828 4051 1951 4115 obviam

882 4159 935 4239 ea‘,
965 4181 1062 4244 quern
1087 4157 1193 4221 loeum
1218 4158 1328 4223 attulit
1352 4154 1548 4247 Seyffertus)
1576 4158 1630 4222 vel
1658 4160 1691 4222 in
1720 4156 1870 4244 ‚optame‘
1895 4158 1950 4237 (of.

884 4267 1004 4331 Baeoh.
1031 4267 1111 4332 667:
1149 4281 1284 4353 ‚optume
1314 4291 1419 4333 eccam
1448 4268 1573 4331 obviam
1600 4269 1680 4331 miti
1710 4265 1765 4331 eat‘
1796 4261 1951 4351 aliaque),

884 4375 953 4439 sive
988 4374 1077 4438 illam
1111 4375 1187 4458 vim,
1225 4397 1323 4460 quam
1357 4374 1457 4438 habet
1487 4373 1640 4459 ,benipae‘
1669 4374 1724 4457 (of.
1749 4374 1851 4438 Mero.
1876 4373 1950 4437 949.

884 4483 981 4546 Truo.
1002 4482 1079 4546 128:
1116 4483 1247 4567 benique
1275 4485 1363 4555 dicia,
1401 4482 1474 4545 bene
1501 4506 1604 4546 uocas.
1652 4483 1739 4546 Men.
1762 4481 1841 4545 387:
1880 4479 1953 4542 bene

883 4586 991 4671 vocas)
1016 4591 1045 4654 ei
1070 4591 1251 4655 tribuemus
1263 4590 1324 4667 **).
1372 4590 1460 4653 Hine
1484 4591 1593 4674 etiam,
1618 4599 1655 4655 ut
1678 4591 1802 4675 opinor,
1827 4586 1953 4651 intelle-

974 4800 1001 4866 *)
1029 4798 1105 4852 Idem
1129 4798 1180 4853 hoe
1204 4799 1254 4851 sibi
1278 4798 1336 4851 vult
1359 4799 1445 4864 ,bene‘
1469 4798 1495 4849 in
1521 4797 1621 4852 Catulli
1645 4815 1667 4850 o.
1685 4797 1728 4863 40,
1747 4796 1772 4862 3,
1797 4794 1842 4867 qui
1862 4812 1953 4848 versus

886 4888 1087 4958 comparatione
1108 4887 1205 4957 dignus
1224 4885 1288 4939 mihi
1307 4885 1422 4940 videtur.

977 4976 1015 5044 **)
1035 4976 1186 5031 Convenire
1206 4982 1295 5028 autem
1314 4975 1339 5026 in
1361 4975 1443 5028 talem
1463 4975 1604 5028 verborum
1625 4980 1780 5027 contextum
1799 4974 1953 5028 adverbium
