5509 6484
1386 1146 1429 1210 26

903 1345 1004 1406 Truc.
1029 1348 1105 1406 232.
1152 1344 1228 1405 dum
1251 1341 1373 1422 habeat,
1400 1355 1465 1406 tam
1489 1355 1584 1405 amet:
1607 1341 1664 1404 abi
1685 1341 1767 1405 nitu
1788 1341 1910 1421 lrabeat,

1147 1449 1247 1511 alium
1271 1461 1435 1532 quaestum
1459 1451 1581 1533 coepiat
1606 1448 1674 1512 ΑΡ.

876 1574 938 1636 Pro
967 1570 1057 1646 ,tum‘
1084 1573 1308 1658 reponendum
1344 1596 1415 1638 esse
1443 1575 1541 1654 ,dum‘
1570 1574 1698 1638 censuit
1726 1573 1943 1651 Lambinusrt

874 1681 944 1744 sine
969 1679 1068 1743 dubio
1092 1680 1281 1745 reeordatus
1312 1703 1387 1744 cum
1411 1680 1475 1744 alia
1499 1690 1567 1745 tum
1596 1680 1653 1744 illa
1677 1679 1798 1744 Catulli
1824 1680 1863 1757 (c.
1890 1681 1943 1763 62,

874 1783 1022 1870 45.56.),
1047 1810 1131 1873 quae
1156 1796 1264 1851 tamen
1287 1788 1424 1852 mutatio
1441 1788 1525 1852 sitne
1548 1789 1741 1871 necessaria,
1767 1797 1803 1852 ut
1820 1788 1942 1872 opinor,

874 1893 952 1959 licet
975 1893 1136 1959 dubitare.
1173 1895 1257 1959 Nam
1281 1905 1511 1981 praeterquam
1535 1895 1623 1982 quod
1648 1896 1728 1959 haec
1753 1904 1845 1959 tanta
1868 1917 1944 1959 con·

875 2003 1015 2066 cinnitas
1050 2003 1205 2067 orationis
1240 2003 1302 2067 hoc
1338 2002 1409 2067 loco
1439 2003 1581 2087 flagitari
1615 2003 1695 2066 mihi
1724 2025 1789 2066 non
1814 2002 1945 2066 videtur

875 2108 931 2188 (cf.
957 2110 1043 2173 enirn
1067 2131 1100 2173 v.
1125 2110 1204 2173 217:
1236 2112 1321 2192 ,dum
1334 2110 1416 2190 fuit,
1442 2109 1553 2190 dedit‘3
1590 2110 1746 2174 videlicet
1773 2109 1859 2173 idern
1896 2117 1945 2172 est

881 2217 1115 2281 sententiarum
1139 2225 1323 2300 contextus,
1348 2217 1412 2281 vel.
1437 2240 1469 2281 v.
1497 2218 1574 2282 190:
1600 2240 1680 2300 ,cam
1704 2241 1855 2297 amamus,
1881 2230 1946 2280 tum

874 2309 1040 2407 perimua‘)
1064 2332 1162 2409 atque
1197 2324 1279 2388 adeo
1303 2325 1441 2389 fortasse
1464 2326 1591 2389 mireris
1619 2326 1726 2410 ipsum
1750 2324 1831 2388 illud
1857 2321 1945 2401 ,tcm‘

875 2431 908 2493 in
933 2429 1026 2493 libris
1061 2452 1131 2494 esse
1155 2442 1321 2497 servatum
1356 2453 1396 2496 ac
1425 2455 1499 2515 non,
1535 2432 1568 2496 id
1598 2432 1685 2516 quod
1720 2432 1816 2495 nimis
1848 2430 1945 2494 facile

875 2539 983 2623 potuit
997 2538 1079 2620 fieri,
1105 2560 1125 2601 a
1148 2537 1289 2603 librariis
1313 2539 1393 2624 ipsis
1414 2549 1575 2604 mutatum
1599 2542 1633 2603 in
1657 2535 1756 2619 ,dum‘
1782 2574 1822 2583 —
1846 2539 1944 2603 immo

875 2644 955 2708 mihi
978 2644 1110 2729 quidem
1127 2646 1197 2729 ipso
1221 2646 1397 2710 verborum
1413 2656 1524 2710 tenore
1548 2646 1680 2710 videtur
1695 2646 1833 2709 indicari
1855 2643 1944 2723 ‚tum‘

876 2773 990 2815 verum
1026 2760 1059 2814 et
1087 2753 1265 2833 genuinum
1294 2774 1365 2815 esse
1391 2788 1430 2796 -
1456 2753 1543 2816 haud
1579 2754 1646 2816 scio
1675 2775 1717 2815 an
1751 2752 1809 2816 illa
1843 2752 1946 2816 verba

877 2858 974 2943 paulo
998 2856 1093 2921 aliter
1116 2858 1309 2943 accipienda
1337 2859 1402 2922 sint
1425 2869 1482 2923 aut
1505 2860 1631 2944 possint
1654 2869 1742 2923 certe
1771 2860 1876 2944 accipi
1900 2881 1944 2923 sc.

877 2968 933 3045 ita,
958 2974 994 3029 ut
1017 2966 1157 3050 protasis
1178 2965 1411 3030 condicionalis
1435 2966 1477 3030 sit
1502 2966 1600 3044 (sicut
1624 2968 1722 3030 etiam
1747 2966 1822 3048 ,ubi‘
1847 2988 1944 3051 saepe

877 3072 966 3158 apud
1000 3072 1154 3136 Plautum
1199 3073 1267 3136 vim
1313 3073 1572 3138 condicionalem
1611 3069 1725 3153 habet)
1766 3073 1945 3158 eademque

880 3179 1037 3243 adverbio
1063 3176 1152 3259 ,tum‘
1176 3180 1355 3243 efficaciter
1378 3182 1573 3266 excipiatur,
1609 3203 1672 3266 quo
1701 3180 1742 3244 de
1777 3203 1839 3244 usu
1867 3202 1945 3244 vere

879 3286 1042 3368 Plautino,
1058 3276 1060 3281 ¹
1078 3308 1119 3349 ne
1144 3286 1259 3349 eadem
1291 3288 1409 3350 iterum
1439 3309 1612 3372 exponam,
1648 3286 1794 3371 legentes
1829 3286 1944 3369 delego

878 3393 920 3458 ad
956 3416 1004 3475 ea,
1041 3415 1125 3478 quae
1160 3393 1299 3457 disserui
1334 3393 1376 3457 ad
1412 3393 1516 3458 Stichi
1544 3417 1575 3458 v.
1606 3395 1682 3459 593.
1743 3393 1945 3458 Vertendum

878 3511 988 3564 autem
1011 3500 1091 3563 mihi
1115 3500 1246 3563 videtur
1270 3501 1330 3563 sic:

967 3606 1104 3669 Wofern
1128 3628 1163 3669 er
1178 3606 1244 3687 hat,
1269 3606 1357 3669 dann
1380 3628 1508 3689 magen
1531 3606 1653 3683 lieben3
1677 3629 1772 3670 wenn
1789 3629 1824 3670 er
1839 3607 1945 3671 nichts

878 3714 945 3796 hat,
969 3735 1045 3796 mag
1069 3735 1104 3775 er
1128 3714 1222 3776 einen
1247 3712 1391 3776 anderen
1415 3712 1552 3776 Erwerb
1576 3713 1645 3776 sich
1670 3714 1807 3778 suchen!

879 3820 1031 3885 Ceterum
1055 3820 1173 3884 Pseud.
1198 3842 1229 3884 v.
1257 3820 1365 3903 1121,
1395 3821 1599 3906 quiremus,
1625 3822 1651 3885 si
1681 3823 1816 3887 strictim
1846 3833 1945 3908 atque

878 3928 984 3993 obiter
1007 3950 1076 3992 rem
1100 3950 1338 4013 percurramus,
1374 3928 1462 3992 haud
1487 3928 1653 3994 dissimilis
1689 3952 1759 3994 esse
1782 3930 1944 4012 videatur,

878 4059 949 4100 esse
972 4045 1161 4121 corruptum
1189 4038 1274 4101 inter
1297 4059 1409 4101 omnes
1433 4039 1587 4101 convenit
1615 4047 1753 4122 excepto
1778 4037 1943 4101 Lindsaio.

879 4143 929 4208 Of.
955 4166 1039 4228 quae
1063 4143 1104 4207 ad
1130 4142 1236 4207 locum
1261 4143 1436 4228 explicavi.

878 4325 981 4385 llere.
997 4326 1070 4385 761.
1094 4334 1122 4384 te
1138 4323 1240 4384 odisse
1257 4343 1353 4404 aeque
1369 4299 1494 4405 capula.
1508 4356 1551 4364 -
1567 4322 1678 4405 Epona
1693 4325 1773 4385 istac
1790 4324 1860 4386 dixi
1871 4322 1947 4386 titt?

1199 4426 1259 4490 AB
1288 4428 1400 4511 (aeque
1423 4439 1517 4512 etque
1540 4427 1625 4506 OD).

879 4553 980 4617 Recte
1009 4551 1096 4615 hunc
1124 4574 1254 4616 versum
1281 4552 1462 4615 restituisse
1490 4551 1569 4615 milri
1597 4553 1729 4617 videtur
1753 4553 1944 4640 Seyffertus,

882 4680 957 4722 cum
980 4658 1145 4743 scripserit
1168 4660 1229 4722 sic:

952 4798 979 4848 te
1003 4784 1106 4848 odiose
1128 4796 1223 4867 atque
1245 4786 1370 4868 capula.
1397 4816 1437 4827 -
1463 4783 1573 4867 Epona
1595 4786 1676 4846 ictuc
1701 4783 1869 4847 dietrici?

970 4977 994 5041 ¹)
1014 4975 1148 5030 Lambino
1169 4974 1351 5045 adstipulatus
1371 4982 1412 5029 est
1431 4974 1566 5045 Hauptius
1586 4993 1676 5044 opusc.
1697 4974 1731 5042 Il,
1751 4975 1811 5028 473.
