5509 6484
1385 1162 1427 1227 38

871 1340 1024 1405 Ceterum
1057 1339 1145 1404 haud
1178 1340 1386 1404 mediocriter
1417 1341 1530 1424 miror,
1576 1340 1662 1426 quod
1696 1339 1872 1405 Liudsaius
1907 1341 1940 1404 in

870 1458 999 1513 textum
1028 1448 1180 1513 editionis
1209 1470 1287 1513 suae
1316 1451 1442 1535 recepit
1469 1451 1664 1534 scripturam
1691 1449 1890 1514 recensionis
1914 1450 1942 1513 P

870 1578 944 1619 mea
974 1555 1106 1642 quidem
1135 1557 1298 1622 sententia
1325 1558 1576 1643 ineptissimam:
1612 1579 1688 1621 nam
1716 1557 1777 1624 hoc
1807 1556 1941 1643 quidem

871 1686 930 1749 pro
947 1662 1118 1749 explorato
1133 1664 1250 1748 habeo,
1274 1687 1347 1729 eam
1370 1688 1441 1729 esse
1464 1674 1660 1750 corruptam.
1697 1663 1785 1745 Quid
1809 1664 1941 1729 tandem

838 1774 840 1777 ’
871 1770 934 1835 sibi
968 1770 1040 1835 vult
1074 1771 1264 1851 ,dominibus
1299 1770 1439 1836 domitia‘
1461 1781 1533 1838 'aut
1566 1771 1646 1858 quid
1680 1772 1730 1836 his
1764 1772 1835 1836 fieri
1869 1771 1943 1836 vult

871 1877 1074 1962 Sagaristio?
1120 1879 1190 1943 Aut
1217 1878 1296 1965 quid
1323 1882 1435 1963 negoti
1463 1891 1513 1944 est
1538 1878 1722 1943 hominibus
1754 1878 1883 1944 domitis
1906 1879 1942 1942 in

871 1985 1042 2050 crumina?
1092 1986 1208 2070 Nugae
1237 1995 1313 2050 sunt
1342 2008 1410 2050 eae.
1469 1986 1573 2052 Immo
1609 1985 1690 2050 nihil
1725 1986 1759 2050 in
1794 1987 1943 2050 crumina

870 2094 978 2158 locum
1017 2093 1116 2157 habet
1154 2094 1217 2157 nisi
1256 2093 1362 2170 ‚bacea
1397 2095 1511 2158 domiti
1518 2091 1538 2173 ‘‚
1575 2094 1728 2178 quoniam
1763 2092 1805 2157 ad
1840 2093 1942 2157 boves

871 2199 1062 2265 mercandos
1087 2199 1265 2283 Sagaristio
1289 2201 1406 2265 missus
1430 2210 1513 2279 erat3
1549 2200 1635 2264 idem
1667 2201 1728 2265 hoo
1752 2200 1815 2265 ioci
1838 2222 1941 2285 genus

871 2308 959 2393 apud
983 2306 1136 2371 Plautum
1167 2306 1263 2372 latius
1292 2316 1384 2392 patet
1411 2307 1503 2371 velut
1526 2307 1615 2371 Pers.
1638 2308 1713 2372 317.
1749 2303 1842 2372 'Asin
1865 2308 1941 2372 590.

872 2415 970 2479 Truc.
989 2413 1064 2479 655.
1090 2449 1130 2457 —

1311 2604 1438 2692 Caput
1460 2605 1507 2673 II.

962 2752 1043 2816 Loci
1071 2753 1104 2833 ii,
1141 2753 1197 2837 qui
1226 2764 1335 2815 utrum
1363 2752 1509 2836 corrupti
1537 2752 1601 2814 sint
1629 2772 1733 2815 necne
1761 2749 1943 2814 diiudicare

872 2881 936 2924 nou
961 2859 1108 2924 audeam.

962 3059 1057 3135 Epid.
1074 3062 1150 3118 455.
1197 3067 1339 3118 centones
1353 3054 1486 3136 farcina
1509 3052 1583 3116 ΑΡ.
1616 3048 1774 3135 (,auroioa‘
1798 3052 1944 3137 reposuit

873 3162 1064 3246 Lambinus
1088 3185 1186 3248 quam
1210 3163 1431 3227 coniecturam
1457 3161 1667 3225 adsciverunt
1690 3156 1825 3240 omnes).
1871 3159 1943 3225 Hoc

874 3272 915 3336 de
931 3271 1002 3335 loco
1018 3271 1169 3356 quamvis
1189 3270 1319 3354 copiose
1341 3270 1502 3355 docteque
1524 3268 1741 3353 disputaverit
1757 3267 1944 3332 Gronovius

873 3377 961 3461 (lect.
977 3377 1082 3442 Plaut.
1096 3400 1128 3462 p.
1145 3378 1209 3442 154
1221 3376 1293 3462 sq.),
1311 3386 1431 3459 tamen,
1456 3386 1493 3442 ut
1509 3377 1609 3457 aiunt,
1635 3397 1697 3438 acu
1713 3396 1781 3438 rem
1797 3374 1944 3458 tetigisse

873 3486 953 3550 mihi
977 3507 1042 3549 uon
1066 3484 1206 3549 videtur.
1243 3485 1328 3548 Nam
1352 3507 1417 3548 non
1442 3483 1524 3548 illud
1548 3484 1656 3565 refert,
1682 3482 1789 3546 causis
1812 3481 1944 3546 rationi·

873 3593 1000 3677 busque
1029 3591 1206 3676 explanare
1234 3592 1266 3654 in
1300 3590 1463 3655 locutione
1493 3603 1647 3669 ,centones
1675 3584 1808 3652 aaraaa‘
1836 3589 1942 3652 inesse

874 3700 1069 3764 sententiam
1103 3698 1222 3763 bonam
1258 3706 1314 3761 aut
1349 3697 1487 3761 fortasse
1521 3696 1697 3777 meliorem,
1733 3718 1848 3759 verum
1881 3695 1942 3760 hoo

873 3809 974 3872 refert
1008 3807 1243 3889 demonstrare,
1284 3827 1420 3890 pravam
1456 3827 1526 3869 esse
1562 3803 1711 3868 codicum
1747 3804 1941 3888 scripturam

873 3938 980 4000 neque
1008 3936 1102 3999 posse
1133 3913 1273 3996 tolerari,
1310 3912 1344 3977 id
1372 3912 1460 3999 quod
1491 3912 1771 3995 argumentatione
1800 3933 1859 3975 sua
1887 3909 1942 3974 ille

874 4044 938 4086 non
963 4022 1080 4085 effecit.

981 4224 1103 4285 Bacch.
1124 4226 1200 4284 498.
1247 4233 1275 4283 te
1302 4242 1350 4282 me
1378 4220 1514 4280 criticam
1542 4228 1635 4299 atque
1662 4215 1743 4278 alica
1770 4213 1802 4278 A

1248 4340 1275 4390 te
1305 4348 1353 4389 me
1384 4327 1501 4388 amicos
1532 4336 1626 4407 atque
1656 4323 1737 4386 alios
1771 4321 1798 4383 P

874 4455 939 4519 Res
967 4475 1005 4517 eo
1033 4452 1137 4535 magis
1166 4451 1267 4515 dubia
1294 4459 1352 4532 cst,
1387 4449 1474 4535 quod
1503 4450 1556 4514 cui
1584 4469 1741 4533 personae
1770 4444 1944 4510 tribuenda

875 4564 940 4626 sint
967 4560 1048 4624 haec
1076 4559 1180 4623 verba
1208 4558 1306 4622 valde
1341 4555 1528 4640 ambigitur.
1584 4554 1649 4620 Sed
1685 4555 1823 4619 fortasse
1855 4562 1943 4615 recte

875 4669 1015 4733 coniecit
1031 4668 1246 4754 Niemeyer'us
1263 4664 1317 4742 (de
1334 4664 1443 4729 Plauti
1466 4663 1532 4727 fab.
1550 4684 1614 4726 rec.
1629 4660 1718 4746 dupl.
1733 4683 1764 4745 p.
1778 4653 1847 4739 34.)
1868 4680 1943 4722 cum
2001 4659 2004 4666 ’

875 4775 906 4839 Α
941 4773 1149 4838 scribendum
1189 4795 1258 4837 esse
1297 4783 1399 4851 ‚temet
1437 4768 1594 4841 amica-m‘‚
1633 4791 1717 4855 quae
1757 4766 1943 4832 coniectura

874 4881 1038 4947 lenissima
1062 4882 1089 4944 si
1113 4889 1162 4944 est
1186 4902 1274 4961 vcra,
1300 4877 1485 4963 corruptela
1508 4878 1681 4942 dumtaxat
1704 4875 1794 4938 nulla
1818 4883 1877 4937 est.
