<?xml version="1.0" encoding="UTF-8"?>
<!DOCTYPE html PUBLIC "-//W3C//DTD XHTML 1.0 Transitional//EN"
    "http://www.w3.org/TR/xhtml1/DTD/xhtml1-transitional.dtd">
<html xmlns="http://www.w3.org/1999/xhtml" xml:lang="en" lang="en">
 <head>
  <title>
</title>
<meta http-equiv="Content-Type" content="text/html;charset=utf-8" />
  <meta name='ocr-system' content='tesseract 3.04.00' />
  <meta name='ocr-capabilities' content='ocr_page ocr_carea ocr_par ocr_line ocrx_word'/>
</head>
<body>
  <div class='ocr_page' id='page_1' title='image "./quaestionesplau00sickgoog_0076.png"; bbox 0 0 5509 6484; ppageno 0'>
   <div class='ocr_carea' id='block_1_1' title="bbox 1399 1159 1441 1223">
    <p class='ocr_par' dir='ltr' id='par_1_1' title="bbox 1399 1159 1441 1223">
     <span class='ocr_line' id='line_1_1' title="bbox 1399 1159 1441 1223; baseline -0.024 0"><span class='ocrx_word' id='word_1_1' title='bbox 1399 1159 1441 1223; x_wconf 74' lang='lat'><strong>72</strong></span> 
     </span>
    </p>
   </div>
   <div class='ocr_carea' id='block_1_2' title="bbox 882 1335 1958 1639">
    <p class='ocr_par' dir='ltr' id='par_1_2' title="bbox 882 1335 1958 1639">
     <span class='ocr_line' id='line_1_2' title="bbox 882 1335 1958 1425; baseline -0.004 -22"><span class='ocrx_word' id='word_1_2' title='bbox 882 1360 969 1425; x_wconf 89' lang='lat' dir='ltr'><strong>quae</strong></span> <span class='ocrx_word' id='word_1_3' title='bbox 993 1348 1027 1403; x_wconf 96' lang='lat' dir='ltr'><strong>et</strong></span> <span class='ocrx_word' id='word_1_4' title='bbox 1049 1337 1122 1424; x_wconf 92' lang='lat' dir='ltr'><strong>ipsa</strong></span> <span class='ocrx_word' id='word_1_5' title='bbox 1137 1360 1157 1402; x_wconf 93' lang='lat' dir='ltr'><strong>a</strong></span> <span class='ocrx_word' id='word_1_6' title='bbox 1172 1336 1329 1401; x_wconf 91' lang='lat' dir='ltr'><strong>Lindsaio</strong></span> <span class='ocrx_word' id='word_1_7' title='bbox 1346 1338 1475 1421; x_wconf 89' lang='lat' dir='ltr'><strong>integra</strong></span> <span class='ocrx_word' id='word_1_8' title='bbox 1490 1335 1605 1401; x_wconf 93' lang='lat' dir='ltr'><strong>relicta</strong></span> <span class='ocrx_word' id='word_1_9' title='bbox 1624 1357 1695 1400; x_wconf 85' lang='lat' dir='ltr'><strong>esse</strong></span> <span class='ocrx_word' id='word_1_10' title='bbox 1709 1335 1819 1416; x_wconf 87' lang='lat' dir='ltr'><strong>miror,</strong></span> <span class='ocrx_word' id='word_1_11' title='bbox 1843 1357 1958 1421; x_wconf 90' lang='lat' dir='ltr'><strong>quem·</strong></span> 
     </span>
     <span class='ocr_line' id='line_1_3' title="bbox 883 1442 1957 1531; baseline -0.002 -21"><span class='ocrx_word' id='word_1_12' title='bbox 883 1445 1058 1510; x_wconf 82' lang='lat' dir='ltr'><strong>admodum</strong></span> <span class='ocrx_word' id='word_1_13' title='bbox 1081 1444 1271 1531; x_wconf 91' lang='lat' dir='ltr'><strong>temptanda</strong></span> <span class='ocrx_word' id='word_1_14' title='bbox 1306 1446 1371 1510; x_wconf 91' lang='lat' dir='ltr'><strong>sint</strong></span> <span class='ocrx_word' id='word_1_15' title='bbox 1394 1467 1472 1509; x_wconf 93' lang='lat' dir='ltr'><strong>sane</strong></span> <span class='ocrx_word' id='word_1_16' title='bbox 1502 1445 1664 1509; x_wconf 89' lang='lat' dir='ltr'><strong>incertum</strong></span> <span class='ocrx_word' id='word_1_17' title='bbox 1686 1452 1745 1528; x_wconf 89' lang='lat' dir='ltr'><strong>est,</strong></span> <span class='ocrx_word' id='word_1_18' title='bbox 1780 1443 1842 1508; x_wconf 89' lang='lat' dir='ltr'><strong>nisi</strong></span> <span class='ocrx_word' id='word_1_19' title='bbox 1866 1442 1957 1529; x_wconf 87' lang='lat' dir='ltr'><strong>quod</strong></span> 
     </span>
     <span class='ocr_line' id='line_1_4' title="bbox 883 1547 1880 1639; baseline -0.002 -22"><span class='ocrx_word' id='word_1_20' title='bbox 883 1575 941 1639; x_wconf 88' lang='lat' dir='ltr'><strong>pro</strong></span> <span class='ocrx_word' id='word_1_21' title='bbox 964 1551 1046 1637; x_wconf 80' lang='lat' dir='ltr'><strong>‚qui‘</strong></span> <span class='ocrx_word' id='word_1_22' title='bbox 1071 1575 1146 1618; x_wconf 93' lang='lat' dir='ltr'><strong>cum</strong></span> <span class='ocrx_word' id='word_1_23' title='bbox 1170 1552 1357 1618; x_wconf 81' lang='lat' dir='ltr'><strong>Camerario</strong></span> <span class='ocrx_word' id='word_1_24' title='bbox 1380 1550 1604 1638; x_wconf 89' lang='lat' dir='ltr'><strong>reponendum</strong></span> <span class='ocrx_word' id='word_1_25' title='bbox 1627 1559 1677 1616; x_wconf 90' lang='lat' dir='ltr'><strong>est</strong></span> <span class='ocrx_word' id='word_1_26' title='bbox 1701 1547 1814 1637; x_wconf 81' lang='lat' dir='ltr'><strong>,quid‘.</strong></span> <span class='ocrx_word' id='word_1_27' title='bbox 1839 1584 1880 1595; x_wconf 90' lang='lat'><em>-</em></span> 
     </span>
    </p>
   </div>
   <div class='ocr_carea' id='block_1_3' title="bbox 883 1906 1956 3493">
    <p class='ocr_par' dir='ltr' id='par_1_3' title="bbox 883 1906 1956 3493">
     <span class='ocr_line' id='line_1_5' title="bbox 974 1906 1955 1994; baseline -0.002 -21"><span class='ocrx_word' id='word_1_28' title='bbox 974 1908 1067 1988; x_wconf 80' lang='lat' dir='ltr'><strong>Quae</strong></span> <span class='ocrx_word' id='word_1_29' title='bbox 1102 1910 1255 1994; x_wconf 91' lang='lat' dir='ltr'><strong>quoniam</strong></span> <span class='ocrx_word' id='word_1_30' title='bbox 1291 1909 1439 1994; x_wconf 84' lang='lat' dir='ltr'>exposui,</span> <span class='ocrx_word' id='word_1_31' title='bbox 1476 1907 1554 1973; x_wconf 91' lang='lat' dir='ltr'><strong>licet</strong></span> <span class='ocrx_word' id='word_1_32' title='bbox 1587 1907 1667 1972; x_wconf 94' lang='lat' dir='ltr'><strong>mihi</strong></span> <span class='ocrx_word' id='word_1_33' title='bbox 1701 1906 1853 1993; x_wconf 87' lang='lat' dir='ltr'><strong>praefari,</strong></span> <span class='ocrx_word' id='word_1_34' title='bbox 1889 1928 1955 1992; x_wconf 91' lang='lat' dir='ltr'><strong>quo</strong></span> 
     </span>
     <span class='ocr_line' id='line_1_6' title="bbox 883 2014 1956 2101; baseline -0.003 -21"><span class='ocrx_word' id='word_1_35' title='bbox 883 2015 979 2080; x_wconf 93' lang='lat' dir='ltr'><strong>modo</strong></span> <span class='ocrx_word' id='word_1_36' title='bbox 1003 2016 1038 2079; x_wconf 90' lang='lat' dir='ltr'><strong>in</strong></span> <span class='ocrx_word' id='word_1_37' title='bbox 1062 2016 1344 2080; x_wconf 81' lang='lat' dir='ltr'><strong>commentationis</strong></span> <span class='ocrx_word' id='word_1_38' title='bbox 1367 2015 1516 2101; x_wconf 84' lang='lat' dir='ltr'><strong>partibus</strong></span> <span class='ocrx_word' id='word_1_39' title='bbox 1539 2014 1588 2096; x_wconf 91' lang='lat' dir='ltr'><strong>iis,</strong></span> <span class='ocrx_word' id='word_1_40' title='bbox 1619 2036 1704 2100; x_wconf 91' lang='lat' dir='ltr'><strong>quae</strong></span> <span class='ocrx_word' id='word_1_41' title='bbox 1726 2023 1861 2097; x_wconf 80' lang='lat' dir='ltr'><strong>restant,</strong></span> <span class='ocrx_word' id='word_1_42' title='bbox 1884 2035 1956 2078; x_wconf 88' lang='lat' dir='ltr'><strong>rem</strong></span> 
     </span>
     <span class='ocr_line' id='line_1_7' title="bbox 883 2120 1955 2207; baseline -0.003 -20"><span class='ocrx_word' id='word_1_43' title='bbox 883 2123 1049 2207; x_wconf 89' lang='lat' dir='ltr'><strong>gesserim.</strong></span> <span class='ocrx_word' id='word_1_44' title='bbox 1088 2123 1174 2187; x_wconf 87' lang='lat' dir='ltr'><strong>Nam</strong></span> <span class='ocrx_word' id='word_1_45' title='bbox 1197 2124 1231 2187; x_wconf 90' lang='lat' dir='ltr'><strong>in</strong></span> <span class='ocrx_word' id='word_1_46' title='bbox 1254 2125 1362 2207; x_wconf 92' lang='lat' dir='ltr'><strong>capite</strong></span> <span class='ocrx_word' id='word_1_47' title='bbox 1378 2122 1429 2185; x_wconf 63' lang='lat' dir='ltr'><strong>VJ</strong></span> <span class='ocrx_word' id='word_1_48' title='bbox 1444 2121 1611 2207; x_wconf 88' lang='lat' dir='ltr'><strong>explicare</strong></span> <span class='ocrx_word' id='word_1_49' title='bbox 1628 2120 1748 2203; x_wconf 91' lang='lat' dir='ltr'><strong>studui,</strong></span> <span class='ocrx_word' id='word_1_50' title='bbox 1773 2143 1858 2206; x_wconf 88' lang='lat' dir='ltr'><strong>quae</strong></span> <span class='ocrx_word' id='word_1_51' title='bbox 1882 2142 1955 2186; x_wconf 88' lang='lat' dir='ltr'><strong>cor·</strong></span> 
     </span>
     <span class='ocr_line' id='line_1_8' title="bbox 883 2228 1955 2315; baseline -0.002 -21"><span class='ocrx_word' id='word_1_52' title='bbox 883 2228 1040 2315; x_wconf 87' lang='lat' dir='ltr'><strong>ruptelae,</strong></span> <span class='ocrx_word' id='word_1_53' title='bbox 1064 2231 1219 2315; x_wconf 88' lang='lat' dir='ltr'><strong>quoniam</strong></span> <span class='ocrx_word' id='word_1_54' title='bbox 1234 2251 1323 2293; x_wconf 90' lang='lat' dir='ltr'><strong>mero</strong></span> <span class='ocrx_word' id='word_1_55' title='bbox 1347 2251 1426 2294; x_wconf 89' lang='lat' dir='ltr'><strong>casu</strong></span> <span class='ocrx_word' id='word_1_56' title='bbox 1441 2230 1475 2292; x_wconf 93' lang='lat' dir='ltr'><strong>in</strong></span> <span class='ocrx_word' id='word_1_57' title='bbox 1499 2239 1638 2313; x_wconf 87' lang='lat' dir='ltr'><strong>utraque</strong></span> <span class='ocrx_word' id='word_1_58' title='bbox 1653 2229 1843 2293; x_wconf 80' lang='lat' dir='ltr'><strong>recensione</strong></span> <span class='ocrx_word' id='word_1_59' title='bbox 1863 2229 1955 2292; x_wconf 86' lang='lat' dir='ltr'><strong>nasci</strong></span> 
     </span>
     <span class='ocr_line' id='line_1_9' title="bbox 884 2334 1955 2423; baseline -0.002 -22"><span class='ocrx_word' id='word_1_60' title='bbox 884 2346 1061 2421; x_wconf 90' lang='lat' dir='ltr'><strong>potuerunt</strong></span> <span class='ocrx_word' id='word_1_61' title='bbox 1072 2376 1115 2384; x_wconf 92' lang='lat'><em>-</em></span> <span class='ocrx_word' id='word_1_62' title='bbox 1128 2338 1251 2423; x_wconf 89' lang='lat' dir='ltr'><strong>quippe</strong></span> <span class='ocrx_word' id='word_1_63' title='bbox 1263 2359 1347 2422; x_wconf 88' lang='lat' dir='ltr'><strong>quae</strong></span> <span class='ocrx_word' id='word_1_64' title='bbox 1360 2338 1387 2401; x_wconf 91' lang='lat' dir='ltr'><strong>si</strong></span> <span class='ocrx_word' id='word_1_65' title='bbox 1403 2358 1468 2401; x_wconf 94' lang='lat' dir='ltr'><strong>non</strong></span> <span class='ocrx_word' id='word_1_66' title='bbox 1484 2358 1605 2414; x_wconf 89' lang='lat' dir='ltr'><strong>omnes,</strong></span> <span class='ocrx_word' id='word_1_67' title='bbox 1623 2345 1657 2400; x_wconf 92' lang='lat' dir='ltr'><strong>at</strong></span> <span class='ocrx_word' id='word_1_68' title='bbox 1672 2345 1760 2401; x_wconf 89' lang='lat' dir='ltr'><strong>certe</strong></span> <span class='ocrx_word' id='word_1_69' title='bbox 1772 2334 1955 2422; x_wconf 87' lang='lat' dir='ltr'><strong>permultae</strong></span> 
     </span>
     <span class='ocr_line' id='line_1_10' title="bbox 883 2442 1954 2530; baseline 0 -23"><span class='ocrx_word' id='word_1_70' title='bbox 883 2443 1060 2508; x_wconf 85' lang='lat' dir='ltr'><strong>videantur</strong></span> <span class='ocrx_word' id='word_1_71' title='bbox 1090 2444 1289 2530; x_wconf 81' lang='lat' dir='ltr'><strong>repetendae</strong></span> <span class='ocrx_word' id='word_1_72' title='bbox 1313 2467 1383 2509; x_wconf 88' lang='lat' dir='ltr'><strong>esse</strong></span> <span class='ocrx_word' id='word_1_73' title='bbox 1406 2467 1426 2508; x_wconf 90' lang='lat' dir='ltr'><strong>a</strong></span> <span class='ocrx_word' id='word_1_74' title='bbox 1449 2444 1546 2508; x_wconf 88' lang='lat' dir='ltr'><strong>certis</strong></span> <span class='ocrx_word' id='word_1_75' title='bbox 1581 2442 1777 2529; x_wconf 88' lang='lat' dir='ltr'><strong>quibusdam</strong></span> <span class='ocrx_word' id='word_1_76' title='bbox 1804 2442 1954 2507; x_wconf 90' lang='lat' dir='ltr'><strong>codicum</strong></span> 
     </span>
     <span class='ocr_line' id='line_1_11' title="bbox 884 2549 1954 2644; baseline -0.002 -29"><span class='ocrx_word' id='word_1_77' title='bbox 884 2551 1205 2644; x_wconf 88' lang='lat' dir='ltr'><strong>proprietatibus—</strong></span> <span class='ocrx_word' id='word_1_78' title='bbox 1230 2552 1414 2638; x_wconf 89' lang='lat' dir='ltr'><strong>pronihilo</strong></span> <span class='ocrx_word' id='word_1_79' title='bbox 1449 2552 1518 2615; x_wconf 87' lang='lat' dir='ltr'><strong>fere</strong></span> <span class='ocrx_word' id='word_1_80' title='bbox 1541 2549 1707 2636; x_wconf 91' lang='lat' dir='ltr'><strong>putandae</strong></span> <span class='ocrx_word' id='word_1_81' title='bbox 1739 2558 1855 2614; x_wconf 87' lang='lat' dir='ltr'><strong>essent.</strong></span> <span class='ocrx_word' id='word_1_82' title='bbox 1914 2550 1954 2613; x_wconf 93' lang='lat' dir='ltr'><strong>In</strong></span> 
     </span>
     <span class='ocr_line' id='line_1_12' title="bbox 885 2656 1954 2744; baseline -0.001 -23"><span class='ocrx_word' id='word_1_83' title='bbox 885 2659 992 2744; x_wconf 91' lang='lat' dir='ltr'><strong>capite</strong></span> <span class='ocrx_word' id='word_1_84' title='bbox 1020 2658 1080 2722; x_wconf 70' lang='lat' dir='ltr'><strong>VI,</strong></span> <span class='ocrx_word' id='word_1_85' title='bbox 1114 2658 1281 2744; x_wconf 80' lang='lat' dir='ltr'><strong>disputavi</strong></span> <span class='ocrx_word' id='word_1_86' title='bbox 1316 2659 1357 2723; x_wconf 93' lang='lat' dir='ltr'><strong>de</strong></span> <span class='ocrx_word' id='word_1_87' title='bbox 1392 2658 1542 2723; x_wconf 87' lang='lat' dir='ltr'><strong>versibus</strong></span> <span class='ocrx_word' id='word_1_88' title='bbox 1576 2656 1751 2740; x_wconf 86' lang='lat' dir='ltr'><strong>nonnullis,</strong></span> <span class='ocrx_word' id='word_1_89' title='bbox 1787 2658 1844 2743; x_wconf 92' lang='lat' dir='ltr'><strong>qui</strong></span> <span class='ocrx_word' id='word_1_90' title='bbox 1879 2677 1954 2721; x_wconf 91' lang='lat' dir='ltr'><strong>cum</strong></span> 
     </span>
     <span class='ocr_line' id='line_1_13' title="bbox 883 2763 1954 2848; baseline -0.002 -20"><span class='ocrx_word' id='word_1_91' title='bbox 883 2766 1034 2848; x_wconf 83' lang='lat' dir='ltr'><strong>graviore</strong></span> <span class='ocrx_word' id='word_1_92' title='bbox 1052 2766 1182 2829; x_wconf 91' lang='lat' dir='ltr'><strong>defectu</strong></span> <span class='ocrx_word' id='word_1_93' title='bbox 1198 2765 1333 2829; x_wconf 88' lang='lat' dir='ltr'><strong>mulcati</strong></span> <span class='ocrx_word' id='word_1_94' title='bbox 1346 2767 1420 2848; x_wconf 87' lang='lat' dir='ltr'><strong>sint,</strong></span> <span class='ocrx_word' id='word_1_95' title='bbox 1438 2766 1479 2829; x_wconf 90' lang='lat' dir='ltr'><strong>de</strong></span> <span class='ocrx_word' id='word_1_96' title='bbox 1494 2766 1592 2829; x_wconf 90' lang='lat' dir='ltr'><strong>meris</strong></span> <span class='ocrx_word' id='word_1_97' title='bbox 1604 2763 1811 2829; x_wconf 89' lang='lat' dir='ltr'><strong>librariorum</strong></span> <span class='ocrx_word' id='word_1_98' title='bbox 1827 2763 1954 2828; x_wconf 89' lang='lat' dir='ltr'><strong>mendis</strong></span> 
     </span>
     <span class='ocr_line' id='line_1_14' title="bbox 884 2869 1952 2957; baseline -0.001 -21"><span class='ocrx_word' id='word_1_99' title='bbox 884 2871 1058 2957; x_wconf 88' lang='lat' dir='ltr'><strong>utrobique</strong></span> <span class='ocrx_word' id='word_1_100' title='bbox 1083 2873 1263 2936; x_wconf 81' lang='lat' dir='ltr'><strong>commissis</strong></span> <span class='ocrx_word' id='word_1_101' title='bbox 1286 2872 1346 2935; x_wconf 85' lang='lat' dir='ltr'><strong>vix</strong></span> <span class='ocrx_word' id='word_1_102' title='bbox 1370 2882 1477 2957; x_wconf 85' lang='lat' dir='ltr'><strong>potest</strong></span> <span class='ocrx_word' id='word_1_103' title='bbox 1501 2872 1648 2955; x_wconf 85' lang='lat' dir='ltr'><strong>cogitari.</strong></span> <span class='ocrx_word' id='word_1_104' title='bbox 1687 2872 1727 2935; x_wconf 94' lang='lat' dir='ltr'><strong>In</strong></span> <span class='ocrx_word' id='word_1_105' title='bbox 1751 2872 1859 2956; x_wconf 89' lang='lat' dir='ltr'><strong>capite</strong></span> <span class='ocrx_word' id='word_1_106' title='bbox 1874 2869 1952 2935; x_wconf 91' lang='lat' dir='ltr'><strong>VH.</strong></span> 
     </span>
     <span class='ocr_line' id='line_1_15' title="bbox 885 2977 1953 3065; baseline -0.003 -21"><span class='ocrx_word' id='word_1_107' title='bbox 885 2979 1023 3045; x_wconf 89' lang='lat' dir='ltr'><strong>disserui</strong></span> <span class='ocrx_word' id='word_1_108' title='bbox 1055 2980 1097 3045; x_wconf 89' lang='lat' dir='ltr'><strong>de</strong></span> <span class='ocrx_word' id='word_1_109' title='bbox 1120 2980 1417 3065; x_wconf 85' lang='lat' dir='ltr'><strong>interpretamentis</strong></span> <span class='ocrx_word' id='word_1_110' title='bbox 1452 2980 1587 3065; x_wconf 91' lang='lat' dir='ltr'><strong>etquid</strong></span> <span class='ocrx_word' id='word_1_111' title='bbox 1621 2979 1698 3044; x_wconf 88' lang='lat' dir='ltr'><strong>inde</strong></span> <span class='ocrx_word' id='word_1_112' title='bbox 1734 2977 1953 3063; x_wconf 86' lang='lat' dir='ltr'><strong>colligendum</strong></span> 
     </span>
     <span class='ocr_line' id='line_1_16' title="bbox 885 3084 1953 3154; baseline -0.004 -2"><span class='ocrx_word' id='word_1_113' title='bbox 885 3110 956 3152; x_wconf 92' lang='lat' dir='ltr'><strong>esse</strong></span> <span class='ocrx_word' id='word_1_114' title='bbox 991 3089 1071 3154; x_wconf 93' lang='lat' dir='ltr'><strong>mihi</strong></span> <span class='ocrx_word' id='word_1_115' title='bbox 1105 3088 1274 3153; x_wconf 88' lang='lat' dir='ltr'><strong>videretur</strong></span> <span class='ocrx_word' id='word_1_116' title='bbox 1308 3088 1349 3153; x_wconf 91' lang='lat' dir='ltr'><strong>ad</strong></span> <span class='ocrx_word' id='word_1_117' title='bbox 1388 3087 1492 3151; x_wconf 92' lang='lat' dir='ltr'><strong>hance</strong></span> <span class='ocrx_word' id='word_1_118' title='bbox 1526 3086 1781 3151; x_wconf 84' lang='lat' dir='ltr'><strong>controversiam</strong></span> <span class='ocrx_word' id='word_1_119' title='bbox 1815 3084 1953 3150; x_wconf 90' lang='lat' dir='ltr'><strong>ostendi.</strong></span> 
     </span>
     <span class='ocr_line' id='line_1_17' title="bbox 885 3192 1954 3281; baseline -0.002 -23"><span class='ocrx_word' id='word_1_120' title='bbox 885 3195 1039 3280; x_wconf 93' lang='lat' dir='ltr'><strong>Denique</strong></span> <span class='ocrx_word' id='word_1_121' title='bbox 1062 3196 1096 3259; x_wconf 93' lang='lat' dir='ltr'><strong>in</strong></span> <span class='ocrx_word' id='word_1_122' title='bbox 1120 3197 1227 3281; x_wconf 89' lang='lat' dir='ltr'><strong>capite</strong></span> <span class='ocrx_word' id='word_1_123' title='bbox 1243 3195 1338 3259; x_wconf 91' lang='lat' dir='ltr'>VIII.</span> <span class='ocrx_word' id='word_1_124' title='bbox 1356 3194 1519 3259; x_wconf 86' lang='lat' dir='ltr'><strong>illustravi</strong></span> <span class='ocrx_word' id='word_1_125' title='bbox 1543 3192 1616 3257; x_wconf 86' lang='lat' dir='ltr'><strong>illas</strong></span> <span class='ocrx_word' id='word_1_126' title='bbox 1632 3192 1844 3278; x_wconf 85' lang='lat' dir='ltr'><strong>corruptelas,</strong></span> <span class='ocrx_word' id='word_1_127' title='bbox 1869 3213 1954 3277; x_wconf 88' lang='lat' dir='ltr'><strong>quac</strong></span> 
     </span>
     <span class='ocr_line' id='line_1_18' title="bbox 885 3298 1954 3388; baseline -0.002 -23"><span class='ocrx_word' id='word_1_128' title='bbox 885 3303 932 3365; x_wconf 87' lang='lat' dir='ltr'><strong>ita</strong></span> <span class='ocrx_word' id='word_1_129' title='bbox 966 3312 1043 3367; x_wconf 92' lang='lat' dir='ltr'><strong>sunt</strong></span> <span class='ocrx_word' id='word_1_130' title='bbox 1065 3312 1282 3388; x_wconf 88' lang='lat' dir='ltr'><strong>comparatae,</strong></span> <span class='ocrx_word' id='word_1_131' title='bbox 1318 3312 1356 3367; x_wconf 88' lang='lat' dir='ltr'><strong>ut</strong></span> <span class='ocrx_word' id='word_1_132' title='bbox 1378 3323 1512 3366; x_wconf 89' lang='lat' dir='ltr'><strong>necesse</strong></span> <span class='ocrx_word' id='word_1_133' title='bbox 1547 3302 1591 3365; x_wconf 92' lang='lat' dir='ltr'><strong>sit</strong></span> <span class='ocrx_word' id='word_1_134' title='bbox 1624 3300 1806 3365; x_wconf 87' lang='lat' dir='ltr'><strong>iudicemus</strong></span> <span class='ocrx_word' id='word_1_135' title='bbox 1840 3298 1954 3364; x_wconf 86' lang='lat' dir='ltr'><strong>ambas</strong></span> 
     </span>
     <span class='ocr_line' id='line_1_19' title="bbox 884 3407 1952 3493; baseline 0 -22"><span class='ocrx_word' id='word_1_136' title='bbox 884 3410 1087 3474; x_wconf 85' lang='lat' dir='ltr'><strong>recensiones</strong></span> <span class='ocrx_word' id='word_1_137' title='bbox 1110 3410 1298 3475; x_wconf 87' lang='lat' dir='ltr'><strong>referendas</strong></span> <span class='ocrx_word' id='word_1_138' title='bbox 1314 3432 1384 3475; x_wconf 89' lang='lat' dir='ltr'><strong>esse</strong></span> <span class='ocrx_word' id='word_1_139' title='bbox 1408 3409 1450 3474; x_wconf 87' lang='lat' dir='ltr'><strong>ad</strong></span> <span class='ocrx_word' id='word_1_140' title='bbox 1466 3431 1567 3474; x_wconf 91' lang='lat' dir='ltr'><strong>unum</strong></span> <span class='ocrx_word' id='word_1_141' title='bbox 1591 3407 1796 3493; x_wconf 92' lang='lat' dir='ltr'><strong>eundemque</strong></span> <span class='ocrx_word' id='word_1_142' title='bbox 1819 3407 1952 3471; x_wconf 86' lang='lat' dir='ltr'><strong>fontem.</strong></span> 
     </span>
    </p>
   </div>
   <div class='ocr_carea' id='block_1_4' title="bbox 0 0 2762 6484">
    <p class='ocr_par' dir='ltr' id='par_1_4' title="bbox 0 0 2762 6484">
     <span class='ocr_line' id='line_1_20' title="bbox 0 0 2762 6484; baseline 0 0"><span class='ocrx_word' id='word_1_143' title='bbox 0 0 2762 6484; x_wconf 95' lang='lat' dir='ltr'><strong> </strong></span> 
     </span>
    </p>
   </div>
  </div>
 </body>
</html>
