5509 6484
1354 1177 1425 1246 18‘

840 1368 1021 1445 sequuntur
1048 1367 1173 1423 attento
1202 1361 1309 1425 animo
1338 1368 1533 1444 spectamus,
1568 1360 1699 1424 videtur
1726 1360 1909 1446 supplenda

840 1488 911 1531 csse
935 1488 995 1529 sic:

840 1602 919 1685 quid
931 1601 1045 1682 secasti
1064 1599 1130 1679 (eo)
1149 1622 1240 1684 quem
1255 1600 1395 1664 habuisti
1410 1603 1582 1685 scipionem
1599 1614 1655 1664 aut
1670 1603 1756 1685 quod
1771 1601 1911 1664 tatiana·

1293 1710 1430 1794 pallium
1442 1709 1456 1771 7

843 1865 908 1929 qua
931 1844 964 1906 in
989 1843 1093 1906 forma
1116 1843 1270 1907 orationis
1297 1844 1426 1926 integra
1453 1864 1492 1906 ac
1520 1841 1624 1906 solida
1651 1843 1824 1926 neminem,
1853 1844 1909 1927 qui

841 1950 974 2036 quidem
986 1948 1175 2013 Plautinum
1191 1972 1314 2013 morem
1332 1949 1485 2035 loquendi
1502 1950 1579 2013 satis
1596 1951 1762 2033 cognitum
1779 1949 1908 2031 habeat,

840 2056 1007 2122 tantillum
1031 2057 1182 2121 existimo
1211 2057 1409 2121 offensurum
1438 2079 1522 2121 esse:
1557 2079 1632 2120 nam
1657 2055 1854 2142 ,5555555555ί
1879 2069 1910 2120 et

840 2161 1000 2248 ‚pulliam‘
1017 2164 1200 2227 accusativi
1216 2164 1314 2248 positi
1329 2172 1405 2226 sunt
1417 2163 1511 2248 quasi
1524 2163 1755 2227 assimilatione
1768 2164 1909 2248 quadarn

841 2293 987 2351 casuum,
1019 2292 1084 2355 qua
1114 2269 1345 2334 assimilatione
1369 2270 1611 2334 substantivum
1636 2270 1703 2349 (vel
1719 2272 1909 2356 pronomen)

840 2378 1108 2444 accommodatur
1124 2379 1166 2443 ad
1183 2401 1361 2464 pronomen
1377 2378 1592 2457 relativum*)
1605 2388 1704 2465 atque
1716 2379 1808 2462 adeo,
1826 2382 1910 2444 sicut

840 2509 997 2573 persaepe
1026 2487 1073 2568 fit,
1109 2488 1142 2551 in
1178 2488 1281 2572 ipsam
1310 2489 1505 2551 sententiam
1533 2487 1704 2552 relativam
1733 2487 1909 2550 inducitur.

840 2595 873 2659 Is
903 2616 981 2658 usus
1010 2593 1164 2679 loquendi
1193 2617 1290 2679 quarn
1324 2594 1389 2657 late
1424 2605 1535 2679 pateat
1560 2593 1763 2677 intellegitur
1790 2616 1833 2658 ex
1860 2594 1910 2657 his

841 2701 1012 2785 exemplis,
1037 2723 1122 2786 quae
1146 2701 1268 2764 contuli
1291 2710 1323 2764 et
1343 2723 1481 2785 quorum
1498 2700 1736 2784 simplicissima
1751 2702 1909 2764 maxime-

841 2831 904 2895 que
926 2808 1101 2893 perspicua
1122 2816 1198 2871 sunt
1215 2830 1263 2890 55,
1286 2807 1405 2892 quibus
1422 2807 1664 2871 substantivum
1678 2807 1719 2870 ad
1736 2808 1908 2871 relativum

841 2937 1021 3001 pronomen
1047 2914 1326 2978 accommodatum
1355 2915 1610 2979 demonstrativo
1646 2914 1786 3000 quodam
1822 2916 1909 2979 exci-

842 3026 931 3109 pitur
956 3032 988 3087 et
1011 3031 1177 3107 tamquam
1202 3023 1385 3087 restituitur
1407 3023 1499 3087 velut
1523 3022 1592 3086 Mil.
1612 3023 1653 3086 73
1678 3045 1741 3107 sq.:

1002 3169 1049 3236 ,ut
1071 3159 1105 3218 in
1130 3155 1252 3219 tabellis
1275 3178 1354 3239 quoa
1378 3159 1565 3239 coasipnoui
1586 3156 1637 3218 tte
1659 3157 1728 3218 lueri

1002 3264 1150 3342 latrones,
1173 3262 1245 3325 ibus
1269 3266 1463 3327 dirumperent
1486 3258 1688 3348 stipendiam‘

841 3396 929 3483 quod
953 3396 1141 3482 exemplum
1168 3396 1251 3461 nihil
1275 3398 1374 3461 distat
1398 3398 1440 3462 ab
1464 3421 1526 3462 usu
1549 3397 1771 3463 Ciceroniana
1820 3395 1909 3459 Addi

841 3503 941 3567 velim
967 3504 1118 3587 exempla
1142 3504 1233 3583 haec,
1264 3527 1348 3588 quae
1371 3514 1481 3568 tamen
1510 3507 1618 3568 omnia
1646 3506 1694 3569 ita
1722 3513 1797 3567 sunt
1826 3524 1909 3566 corn·

842 3619 970 3694 parata,
1007 3617 1044 3673 ut
1079 3609 1320 3673 substantivum
1354 3609 1409 3674 vel
1442 3633 1619 3696 pronomen
1652 3613 1685 3674 in
1716 3611 1909 3675 sententiam

841 3718 1013 3781 relativam
1037 3738 1101 3780 non
1125 3717 1307 3800 inductum,
1338 3717 1395 3781 sed
1425 3727 1500 3781 ante
1529 3719 1635 3803 ipsum
1659 3740 1835 3803 pronomen
1860 3739 1910 3780 re-

842 3826 979 3889 lativum
996 3825 1137 3909 positum
1155 3825 1214 3887 sit:
1240 3824 1331 3888 Asin.
1343 3826 1409 3889 436
1423 3847 1469 3911 sq.
1488 3824 1599 3889 Aulul.
1609 3826 1685 3890 574.
1700 3825 1820 3888 Bacch.
1832 3825 1908 3888 420.

842 3933 936 4018 Capt.
961 3934 1024 3995 110
1050 3955 1119 4018 sqq.
1154 3932 1241 3997 Men.
1265 3933 1307 3997 57
1332 3956 1402 4019 sqq.
1438 3933 1506 3999 Mil.
1532 3935 1595 3997 140
1616 3954 1684 4019 sqq.
1720 3933 1815 3996 Most.
1834 3933 1908 3996 250.

841 4042 940 4105 Poen.
955 4040 1035 4120 6443
1058 4039 1122 4103 769
1136 4063 1182 4124 sq.
1208 4040 1325 4103 Pseud.
1342 4041 1406 4105 718
1420 4064 1465 4126 sq.
1488 4041 1573 4104 Rud.
1592 4039 1675 4105 1065
1689 4062 1734 4125 sq.
1763 4040 1844 4103 1291
1862 4062 1908 4123 sq.

842 4147 1019 4211 7515137.
1045 4146 1142 4210 Truc.
1161 4147 1235 4211 745.

931 4254 1002 4317 Iam
1023 4254 1122 4318 affero
1145 4255 1297 4340 exempla
1313 4277 1361 4335 55,
1387 4277 1481 4339 quae,
1507 4277 1580 4318 cum
1598 4254 1839 4318 substantivum
1856 4254 1909 4316 vel

842 4384 1020 4448 pronomen
1057 4383 1151 4425 casus
1187 4363 1419 4426 assimilatione
1454 4361 1496 4425 ad
1530 4361 1704 4425 relativum
1732 4384 1909 4447 pronomen

842 4467 1124 4533 accommodatum
1143 4467 1233 4532 nullo
1249 4468 1505 4531 demonstrativo
1523 4470 1717 4554 excipiatur,
1743 4468 1909 4553 aliquanto

842 4577 1027 4641 difficiliora
1048 4588 1132 4651 sunt,
1157 4588 1256 4662 atque
1277 4601 1315 4641 ea
1336 4578 1376 4641 ad
1393 4578 1531 4663 gradum
1548 4577 1751 4641 difficultatis
1768 4576 1908 4658 digesta:

931 4838 958 4904 ³⁸³)
978 4841 1068 4908 Atque
1092 4839 1171 4891 etiarn
1198 4840 1331 4892 contraria
1353 4840 1422 4894 ratio
1447 4840 1473 4891 in
1501 4840 1591 4910 lingua
1610 4840 1708 4893 Latina
1727 4839 1806 4892 latius
1826 4847 1910 4909 patet,

843 4946 896 4997 qua
916 4926 948 4980 de
969 4945 996 4980 re
1016 4945 1102 4996 nuper
1121 4927 1230 4996 copiose
1250 4927 1376 4981 disseruit
1389 4928 1521 4981 Ricardus
1535 4928 1661 4980 Foerster
1673 4928 1700 4980 in
1714 4928 1802 4981 annal.
1816 4927 1909 4997 philol.

842 5016 930 5086 suppl.
944 5016 987 5081 27,
1008 5016 1156 5069 ltu-194.
