5509 6484
1339 1168 1359 1231 9

813 1354 944 1409 exstent
971 1352 1079 1409 utrum
1108 1367 1187 1409 vere
1210 1345 1356 1410 Plautini
1385 1348 1449 1410 sint
1477 1346 1621 1412 habendi
1646 1371 1687 1412 an
1711 1371 1842 1434 prorsus
1866 1373 1886 1414 a

815 1451 931 1515 Plauto
955 1451 1168 1516 abiudicandi
1185 1462 1251 1534 aut,
1277 1452 1310 1516 id
1327 1454 1414 1538 quod
1436 1455 1565 1539 saepius
1581 1477 1643 1519 usu
1658 1457 1759 1538 venit,
1776 1466 1886 1520 utrum

812 1581 906 1622 suum
935 1557 1042 1622 locum
1071 1559 1105 1623 in
1135 1559 1303 1623 codicibus
1334 1559 1503 1626 obtineant
1535 1566 1576 1624 an
1606 1561 1737 1626 aliunde
1765 1565 1887 1649 sumpti

814 1667 903 1729 etin
928 1666 1075 1750 margine
1099 1667 1255 1752 adscripti
1283 1675 1397 1752 postea
1420 1668 1454 1731 in
1478 1678 1605 1733 textum
1629 1671 1808 1735 invaserint
1832 1671 1886 1735 vel

813 1773 950 1837 fortasse
984 1773 1049 1837 alia
1077 1774 1218 1860 quadam
1251 1775 1333 1838 serie
1362 1797 1471 1839 rerum
1504 1776 1583 1841 illuc
1611 1777 1801 1862 irrepserint
1828 1800 1886 1842 suo

817 1881 887 1945 iure
912 1880 1055 1945 dubitari
1079 1890 1195 1966 potest.

904 1986 1064 2052 Hiatunm
1109 1988 1241 2074 quidem
1280 1989 1455 2074 utrobique
1495 1990 1688 2055 traditorum
1728 1992 1885 2056 rationem

813 2096 944 2159 omnino
972 2118 1037 2160 non
1061 2094 1203 2177 habeb0,
1232 2097 1385 2180 quoniam
1408 2118 1515 2183 neque
1538 2097 1678 2162 multum
1702 2098 1763 2162 hoc
1786 2099 1887 2163 refert

814 2202 910 2267 etde
934 2204 974 2266 iis
998 2203 1078 2288 quid
1102 2203 1314 2268 iudicandum
1338 2205 1381 2268 sit
1404 2204 1466 2268 viri
1490 2205 1669 2270 doctissimi
1690 2205 1887 2271 dissentiunt

814 2318 857 2391 et,
887 2320 924 2373 ut
953 2310 1077 2394 opinor,
1108 2309 1302 2375 dissentient
1325 2307 1489 2392 (conferas
1512 2311 1612 2376 velim
1637 2335 1684 2395 ea,
1710 2334 1794 2398 quae
1817 2313 1886 2378 Leo

814 2417 965 2501 exposuit
996 2418 1029 2479 in
1057 2416 1134 2480 libri
1163 2439 1260 2502 quem
1291 2440 1391 2502 supra
1421 2417 1491 2481 dixi
1520 2418 1684 2504 capitibus
1707 2419 1748 2484 V.
1771 2430 1803 2484 et
1826 2420 1885 2485 VI.

815 2544 890 2586 cum
914 2522 988 2605 illis,
1014 2545 1098 2609 quae
1113 2524 1289 2588 Lindsaius
1312 2526 1428 2588 statuit
1450 2526 1484 2587 in
1508 2525 1583 2589 libri
1600 2527 1650 2589 sui
1667 2529 1773 2611 capite
1790 2527 1885 2591 VIII.

747 2713 750 2718 .
812 2631 1010 2715 paragraphi
1033 2629 1127 2708 6.)*).
1166 2631 1237 2695 Iam
1261 2654 1339 2696 vero
1363 2633 1527 2717 proficisci
1551 2632 1593 2697 ab
1617 2634 1679 2698 hac
1701 2643 1794 2720 parte
1817 2657 1886 2699 rem

813 2738 957 2801 maxime
981 2737 1114 2802 dubiam
1139 2738 1393 2824 ambiguamque
1416 2740 1511 2822 duco,
1537 2763 1638 2826 aqua
1654 2742 1752 2805 anxie
1769 2764 1886 2807 caven-

814 2844 891 2909 dum
916 2846 972 2908 sit:
996 2867 1137 2931 namque
1161 2846 1343 2931 periculum
1368 2855 1427 2929 est,
1451 2870 1492 2912 ne
1516 2848 1578 2912 hac
1594 2850 1719 2913 ratione
1735 2850 1887 2913 instituta

814 2961 847 3015 et
869 2951 932 3015 hac
956 2974 1069 3015 norma
1092 2952 1206 3016 iudicii
1229 2953 1378 3018 adhibita
1401 2953 1443 3017 ad
1467 2956 1670 3019 coniecturas
1697 2955 1886 3021 falsissimas

814 3058 1024 3122 deducamur.

905 3165 1015 3249 Atque
1040 3165 1137 3228 etiam
1166 3166 1228 3230 hoc
1250 3166 1331 3230 mihi
1355 3166 1433 3232 licet
1455 3169 1611 3253 praefari:
1640 3171 1763 3233 veritus
1788 3170 1885 3252 enim,

813 3294 854 3336 ne
879 3294 959 3356 opus
982 3273 1118 3336 nimium
1142 3274 1382 3354 intumesceret,
1407 3276 1486 3338 satis
1510 3275 1609 3339 habui
1625 3276 1659 3339 in
1675 3276 1737 3340 hac
1753 3275 1886 3360 quidem

814 3380 1084 3443 commentatione
1109 3380 1332 3444 tantummodo
1353 3381 1395 3444 de
1419 3382 1656 3466 corruptelis
1680 3383 1885 3449 verborum

814 3486 972 3550 disserere
996 3496 1029 3550 et
1051 3486 1085 3550 id
1109 3486 1241 3572 quidem
1266 3509 1304 3551 eo
1327 3488 1442 3571 magis,
1467 3489 1553 3574 quod
1577 3488 1690 3553 velex
1713 3490 1885 3575 hacparte

814 3599 1103 3681 argumentationis
1138 3598 1195 3662 illa
1230 3600 1452 3664 controversia
1488 3600 1567 3664 satis
1595 3609 1683 3665 certo
1711 3600 1885 3665 diiudicari

704 3797 705 3800 Ἴ
813 3713 930 3790 potest.
970 3706 1084 3790 Neque
1108 3714 1218 3769 tamen
1235 3705 1332 3770 deero
1356 3706 1404 3769 illi
1422 3705 1515 3770 alteri
1531 3709 1658 3771 muneri
1675 3717 1708 3771 et
1722 3707 1885 3793 quomodo

813 3812 1024 3876 iudicandum
1049 3835 1118 3876 esse
1143 3834 1292 3876 censeam
1317 3813 1357 3876 de
1381 3813 1531 3877 versibus
1554 3814 1705 3877 insiticiis
1728 3825 1786 3879 aut
1809 3837 1885 3899 sup-

814 3919 972 4003 positiciis
996 3919 1052 4003 qui
1075 3918 1288 4003 perhibentur
1311 3921 1417 4005 prima
1432 3942 1561 4005 quaque
1578 3920 1748 3984 occasione
1765 3921 1885 3985 silicet

813 4047 1003 4111 proponam.

1257 4214 1385 4304 Caput
1406 4216 1435 4286 I.

904 4346 970 4412 Sed
1000 4347 1189 4431 priusquam
1222 4347 1454 4432 aggrediamur
1483 4348 1525 4412 ad
1553 4346 1755 4432 corruptelas
1786 4348 1883 4432 ipsas,

814 4454 1046 4539 disputandum
1081 4452 1175 4517 nobis
1210 4463 1259 4518 est
1293 4454 1335 4518 de
1369 4455 1410 4518 iis
1444 4453 1533 4536 locis,
1569 4453 1689 4539 quibus
1724 4455 1885 4540 scriptura

815 4562 961 4626 codicum
992 4562 1053 4625 etsi
1083 4584 1103 4624 a
1130 4554 1352 4646 compluribus
1383 4561 1462 4625 viris
1491 4561 1594 4625 doctis
1618 4562 1651 4623 in
1675 4560 1812 4625 dubium
1836 4570 1885 4625 est

816 4679 941 4752 vocata,
966 4678 1075 4733 tamen
1099 4667 1141 4732 ab
1165 4669 1253 4731 omni
1276 4668 1460 4754 suspicione
1484 4669 1616 4732 videtur
1639 4689 1767 4732 vacare.

903 4912 928 4979 *)
948 4911 982 4965 do
1005 4910 1080 4965 hiatu
1102 4910 1229 4965 Plautino
1252 4911 1405 4982 nuperrime
1434 4911 1526 4965 dedita
1554 4930 1636 4983 opera
1664 4912 1720 4983 egit
1746 4912 1884 4983 Eugenius

815 5000 1007 5072 Krawczynski
1024 5001 1052 5054 in
1072 5001 1261 5055 dissertatione
1279 5000 1485 5055 Vratislaviensi
1504 5001 1582 5055 1906.
