5509 6484
1353 1155 1407 1243 3οι

836 1341 955 1397 sortem
972 1334 1093 1396 instare
1111 1333 1266 1416 cognovit
1282 1332 1337 1410 (cf.
1351 1354 1381 1394 r.
1398 1332 1483 1396 1139
1497 1332 1569 1417 sq.),
1586 1333 1771 1397 libertatem
1782 1332 1909 1397 reddat.

837 1439 910 1504 Hoc
939 1440 1024 1503 enim
1053 1439 1197 1503 maxime
1225 1439 1333 1521 refert,
1364 1448 1401 1503 ut
1429 1438 1614 1503 libertatem
1644 1450 1848 1525 recuperent,
1876 1438 1910 1503 id

837 1546 924 1632 quod
949 1546 1043 1610 brevi
1066 1555 1260 1609 eventurum
1285 1568 1356 1609 essc
1380 1545 1546 1630 haruspex
1563 1546 1627 1611 illis
1644 1570 1686 1611 ex
1703 1548 1910 1611 victimarum

838 1654 924 1718 extis
948 1654 1114 1739 portendit
1137 1650 1193 1737 (cf.
1211 1676 1243 1718 v.
1263 1654 1349 1717 1205
1365 1654 1460 1740 sqq.).
1501 1653 1589 1734 Quid
1613 1655 1723 1719 verbis
1743 1677 1824 1740 opus
1840 1655 1911 1719 est‘.>

839 1762 924 1826 Tum
948 1764 1102 1848 quoniam
1127 1762 1213 1826 inter
1235 1784 1270 1826 se
1291 1761 1478 1847 discrepant
1501 1759 1559 1842 ,et‘
1576 1770 1609 1826 et
1625 1762 1838 1847 imperativus
1854 1763 1911 1848 qui

839 1870 996 1955 sequitur,
1020 1869 1244 1955 reponendum
1261 1878 1310 1933 est
1333 1866 1397 1952 ,et‘,
1421 1869 1455 1933 id
1471 1860 1645 1955 quodsine
1662 1869 1729 1934 ullo
1745 1869 1910 1956 scrupulo,

838 1986 875 2041 ut
898 1978 1022 2062 opinor,
1052 1977 1160 2042 facere
1184 1998 1365 2061 possumus,
1394 1977 1515 2061 quippe
1540 1998 1613 2040 cum
1638 1977 1671 2041 in
1695 1976 1726 2041 A
1751 1979 1912 2062 scriptura

839 2086 881 2149 sit
903 2086 1037 2148 incerta.
1079 2084 1131 2147 De
1155 2093 1290 2168 coeptae
1314 2084 1563 2148 constructionis
1587 2086 1775 2168 mutatione,
1801 2107 1912 2169 quam-

838 2214 937 2278 quam
965 2191 1045 2255 talia
1078 2193 1150 2275 ipsa
1178 2213 1236 2275 per
1264 2212 1298 2253 se
1326 2212 1391 2255 non
1420 2191 1568 2255 inaudita
1595 2202 1685 2273 sunt,
1714 2203 1823 2256 tamen
1851 2193 1912 2258 hoc

839 2300 910 2364 loco
939 2300 1045 2364 minus
1074 2300 1296 2383 cogitaverim,
1327 2299 1403 2383 quia
1427 2300 1621 2364 servandam
1646 2322 1715 2364 esse
1740 2322 1856 2365 censeo
1881 2315 1913 2365 et

839 2407 1092 2471 concinnitatem
1106 2406 1339 2470 sententiarum
1354 2415 1387 2470 et
1397 2406 1647 2471 constructionis
1660 2407 1911 2492 simplicitatem,

839 2536 924 2601 quae
948 2514 1168 2597 turbarentur,
1195 2515 1222 2577 si
1246 2515 1330 2578 inter
1349 2535 1384 2577 se
1401 2524 1614 2599 sequerentur
1630 2514 1715 2579 duae
1732 2517 1912 2580 sententiae

839 2622 964 2685 finales.
1012 2622 1165 2707 Denique
1193 2621 1280 2707 quod
1308 2622 1350 2686 ad
1374 2630 1513 2686 metrum
1537 2622 1665 2703 attinet,
1697 2644 1757 2706 ego
1781 2624 1912 2708 quidem

841 2729 883 2791 ad
899 2749 968 2791 rem
983 2729 1088 2812 magis
1105 2727 1331 2792 illustrandam
1349 2727 1480 2810 suadeo,
1498 2736 1534 2791 ut
1551 2749 1664 2791 versus
1680 2728 1911 2795 1187—1190.

842 2836 1069 2920 dispescantur
1093 2835 1126 2898 in
1143 2834 1296 2898 dimetros
1313 2834 1548 2918 anapaesticos,
1572 2836 1659 2919 quod
1676 2834 1765 2899 nullo
1782 2840 1913 2922 negotio
1988 2846 1992 2857 '

841 2942 912 3006 fieri
935 2950 1052 3026 potest.

976 3067 1126 3152 Juppiter
1150 3068 1207 3150 qai
1227 3087 1325 3150 peaes
1349 3066 1427 3129 eolis
1451 3067 1573 3150 diisque
1596 3066 1767 3148 dommum,

976 3175 1043 3237 Per
1066 3180 1157 3258 que'm
1179 3175 1314 3237 vivimus
1336 3174 1463 3237 oitdlem
1486 3196 1605 3254 aevom,

980 3280 1080 3361 Quem
1101 3285 1197 3366 pe'reer
1220 3302 1291 3366 spes
1314 3283 1397 3345 citae
1419 3287 1493 3345 adet
1514 3281 1676 3345 dommum

980 3388 1139 3463 Omnium,
1164 3390 1207 3451 do
1230 3390 1313 3451 diem
1336 3388 1419 3451 lacae
1442 3390 1600 3473 sospitem,
1627 3408 1753 3471 quaese,

977 3602 1021 3664 Ee
1044 3602 1159 3685 quibus
1182 3623 1284 3664 annos
1306 3602 1421 3663 multoe
1446 3604 1538 3664 carui

980 3707 1130 3791 Quaeque
1153 3714 1195 3775 (ἑ)
1217 3710 1326 3791 petria
1347 3708 1480 3792 perdidi
1499 3729 1628 3791 parvos,

980 3816 1089 3879 Redde
1111 3816 1160 3878 ln'e
1185 3814 1367 3892 libertatem,
1393 3814 1528 3877 invictae

978 3923 1166 3986 Praemium
1187 3934 1223 3985 et
1245 3943 1310 3985 esse
1332 3923 1432 3985 eciem
1454 3921 1575 4004 pietati.

845 4048 1087 4134 Relinquuntur
1119 4049 1153 4112 in
1181 4047 1297 4111 mediis
1324 4047 1375 4110 his
1404 4046 1550 4110 dimetris
1580 4045 1682 4109 verbe
1709 4043 1814 4124 ,redes
1841 4047 1917 4107 meis

846 4154 1005 4240 epuadis‘,
1027 4178 1111 4241 quae
1127 4156 1212 4219 sicut
1228 4154 1349 4217 tradita
1365 4152 1519 4236 leguntur
1534 4159 1780 4237 repraesentant
1796 4152 1917 4215 iustum

847 4263 1021 4325 dimetrum
1044 4262 1268 4325 bacchiacum.
1316 4259 1466 4323 Eandem
1490 4259 1575 4322 hanc
1598 4259 1693 4322 metri
1718 4257 1865 4340 formam,
1891 4259 1918 4322 si

846 4370 1032 4432 universam
1068 4390 1137 4431 rem
1172 4376 1366 4451 spectamus,
1397 4364 1535 4429 antehac
1563 4366 1627 4429 iam
1652 4364 1823 4431 Goetzium
1854 4376 1919 4429 sta·

847 4477 948 4540 tuisse
972 4476 1122 4559 cognovi,
1152 4475 1214 4538 nisi
1237 4473 1324 4559 quod
1353 4474 1387 4535 in
1413 4472 1623 4537 dimetrorum
1647 4473 1784 4538 formam
1807 4495 1918 4537 omnes

847 4584 906 4648 hos
931 4605 1043 4647 versus
1070 4581 1219 4663 redigere
1242 4580 1355 4645 noluit.
1402 4578 1554 4645 Ceterum
1579 4603 1606 4662 ‚e
1626 4578 1751 4667 patria‘
1774 4579 1919 4644 scriben-

847 4692 925 4755 dum
950 4714 1019 4755 esse
1044 4713 1117 4754 cum
1143 4689 1329 4753 Camerario
1353 4697 1608 4754 consentaneum
1632 4697 1690 4753 est.
1717 4722 1757 4731 -

927 4873 1033 4934 Stich.
1050 4876 1124 4933 243.
1170 4869 1223 4932 Ea
1247 4881 1368 4933 ecastor
1390 4871 1451 4932 risi
1472 4882 1500 4932 te
1523 4869 1615 4932 hodie
1638 4867 1778 4931 meltum.
1808 4901 1842 4909 -

1102 4975 1237 5056 Quando
1262 4988 1403 5061 eatque
1427 4980 1462 5040 e're
1487 4976 1574 5041 loco?
1608 4974 1667 5039 ΑΡ
