5509 6484
1359 1127 1403 1189 24

846 1304 1028 1389 negationis
1052 1304 1156 1369 forma
1179 1305 1213 1367 in
1236 1304 1298 1368 hoc
1322 1304 1497 1369 verborum
1521 1313 1680 1370 contextu
1703 1314 1737 1369 et
1759 1305 1821 1369 hoc
1845 1304 1915 1369 loco

846 1435 961 1477 versus
984 1413 1091 1498 posita
1113 1412 1194 1476 mihi
1209 1411 1342 1497 quidem
1364 1412 1499 1477 videtur
1514 1433 1672 1497 apparere
1694 1434 1766 1476 eam
1781 1413 1915 1476 minime

847 1541 917 1585 esse
940 1518 1174 1605 temptandam.
1227 1519 1317 1583 'Nam
1341 1520 1382 1584 de
1416 1521 1705 1605 interpretamento
1735 1516 1834 1605 (,non‘
1857 1542 1916 1605 pro

846 1622 969 1712 ‚neque‘
990 1627 1094 1691 forma
1109 1628 1292 1712 negationis
1308 1626 1429 1713 prisca)
1453 1627 1664 1711 cogitandum
1680 1637 1729 1691 est
1745 1650 1782 1691 eo
1798 1628 1915 1710 minus

847 1734 944 1821 quod,
968 1734 996 1799 si
1019 1756 1134 1799 verum
1157 1742 1190 1798 et
1212 1735 1392 1819 genuinum
1416 1743 1501 1799 esset
1523 1733 1605 1799 illud
1628 1756 1739 1819 neque,
1764 1757 1821 1821 per
1846 1756 1915 1799 sen·

848 1842 1024 1906 tentiarum
1047 1863 1209 1906 conexum
1233 1877 1277 1885 —-
1301 1843 1357 1928 qui
1381 1841 1514 1928 quidem
1537 1863 1612 1906 cum
1627 1841 1668 1905 iis
1683 1862 1768 1927 quae
1783 1864 1916 1928 praece·

847 1948 928 2014 dunt
951 1949 1051 2013 statui
1074 1950 1180 2034 potuit
1213 1985 1258 1993 —
1293 1949 1440 2015 licuisset
1466 1949 1568 2015 verbo
1591 1971 1691 2035 nequa
1718 1950 1786 2013 vim
1818 1949 1914 2013 usita-

848 2057 1006 2120 tissimam
1022 2056 1176 2136 tribuere,
1200 2066 1237 2121 ut
1261 2058 1320 2121 vix
1336 2057 1518 2141 intellegas,
1543 2079 1602 2122 cur
1617 2057 1749 2121 tandem
1765 2056 1916 2121 additum

848 2165 890 2227 sit
914 2164 1250 2248 interpretamentum.
1305 2164 1481 2228 Praeterea
1504 2187 1568 2228 noa
1592 2165 1757 2228 efficacius
1793 2164 1916 2228 dictum

847 2269 927 2334 mihi
961 2269 1067 2334 videri
1091 2270 1255 2335 confiteor.
1315 2270 1456 2335 Accedit
1485 2270 1572 2356 quod
1608 2281 1739 2335 exstant
1764 2271 1917 2356 exempla

848 2400 896 2461 ea,
921 2377 1040 2462 quibus
1064 2376 1151 2460 ,uoa‘
1173 2379 1194 2442 i.
1219 2401 1247 2442 e.
1272 2377 1404 2466 syllaba
1426 2386 1543 2443 natura
1571 2377 1669 2461 longa
1691 2379 1725 2442 in
1754 2379 1916 2464 principio

848 2508 1003 2549 versuum
1026 2494 1177 2571 correpta
1199 2494 1399 2551 sustentetur
1422 2495 1521 2572 atque
1545 2486 1771 2568 confirmetur3
1795 2485 1836 2550 cf.

954 2602 1044 2665 Pers
1071 2603 1151 2668 129:
1176 2625 1252 2681 ,non
1275 2604 1320 2665 ad
1341 2606 1433 2682 istuc,
1459 2604 1545 2686 quod
1568 2615 1601 2666 tu
1624 2601 1805 2665 insimulos‘

851 2718 909 2782 ubi
933 2716 1081 2804 syllabae
1105 2719 1220 2781 tertiae
1250 2727 1286 2782 ut
1309 2720 1395 2782 ictus
1423 2717 1586 2782 tribuatur
1610 2719 1773 2781 sententia
1800 2720 1914 2802 poscit.

1035 2833 1131 2897 Most.
1156 2834 1236 2898 624:
1262 2856 1336 2915 ‚uon
1360 2856 1416 2919 eqo
1439 2837 1520 2898 istuc
1544 2831 1633 2897 caro‘
1657 2855 1726 2920 sqq.

848 2972 945 3036 quem
967 2951 1001 3014 in
1025 2972 1167 3033 versum,
1205 2950 1265 3013 etsi
1288 2972 1423 3014 mancus
1447 2958 1506 3033 est,
1536 2949 1624 3013 idem
1647 2948 1709 3014 hoc
1732 2949 1849 3014 cadere
1874 2971 1915 3012 ex

842 3058 1031 3143 ⁴insequenti
1055 3079 1153 3121 versu
1177 3054 1246 3140 (,id‘
1271 3057 1321 3121 bis
1344 3056 1500 3143 positum)
1524 3057 1604 3121 satis
1628 3065 1774 3142 apparet.

937 3165 1000 3229 Pro
1025 3174 1113 3229 certo
1137 3165 1290 3251 exemplo
1314 3165 1453 3230 habeam
1478 3165 1576 3229 etiam

992 3282 1093 3345 Mero.
1118 3282 1199 3346 265:
1224 3305 1332 3346 aarum
1355 3284 1400 3345 od
1421 3282 1480 3346 lao'c
1503 3281 1678 3366 eaemplum
1702 3302 1771 3366 sqq.

848 3395 904 3480 (cf.
930 3420 1005 3463 cum
1028 3399 1093 3463 alia
1116 3410 1185 3464 tum
1209 3400 1298 3464 Pers.
1324 3400 1400 3465 335.
1448 3399 1533 3464 Rud.
1557 3398 1634 3464 488.
1660 3393 1751 3477 603.)

849 3514 902 3578 De
925 3514 1024 3578 Poen.
1049 3537 1081 3577 v.
1109 3516 1210 3578 1042:
1246 3539 1354 3579 ceram
1376 3538 1432 3600 epo
1456 3515 1507 3578 liic
1530 3514 1703 3599 hospitium
1725 3487 1822 3576 babeo
1846 3534 1915 3598 sqq.

849 3632 936 3686 etv.
963 3621 1058 3685 1349.
1106 3622 1224 3686 Pseud.
1251 3621 1304 3685 25.
1330 3623 1382 3685 30.
1430 3621 1515 3685 Rud.
1541 3620 1616 3684 827.
1644 3620 1739 3684 1300.

962 3738 1051 3802 Trin.
1078 3737 1156 3803 133:
1181 3760 1257 3815 ,uon
1280 3759 1336 3821 eqo
1360 3737 1412 3800 illi
1434 3750 1599 3822 arpentum
1622 3733 1796 3800 redderem‘

848 3856 932 3920 Rud.
960 3855 1056 3921 1354.
1081 3853 1193 3918 Aulul.
1218 3854 1294 3918 283.
1319 3854 1440 3917 Bacch.
1466 3853 1542 3919 888.
1578 3853 1856 3938 disputariposse
1883 3853 1916 3916 in

848 3975 1019 4049 utramque
1043 3972 1169 4048 partem
1193 3960 1346 4025 concedo.

940 4079 993 4145 Ab
1017 4080 1104 4143 omni
1128 4101 1206 4143 vero
1231 4077 1436 4142 dubitatione
1460 4087 1580 4142 vacant

1170 4195 1268 4259 Poen.
1296 4194 1398 4258 1237:
1423 4197 1465 4257 ite
1488 4196 1518 4256 si
1539 4196 1591 4257 itis

1216 4336 1229 4347 ·
1297 4301 1398 4367 1238:
1423 4323 1520 4364 laesae
1544 4300 1601 4365 tibi

851 4418 970 4505 quibus
995 4418 1073 4481 locis
1108 4418 1335 4506 monosyllaba
1369 4427 1512 4482 statuere
1536 4414 1618 4480 nihil
1652 4414 1742 4479 aliud
1771 4424 1820 4479 est
1854 4415 1917 4477 uisi

849 4527 993 4611 captioso
1018 4525 1159 4611 quodam
1187 4524 1405 4589 ratiocinandi
1438 4546 1557 4608 genere
1581 4544 1675 4586 usum
1704 4523 1809 4608 ipsam
1833 4520 1915 4583 diffi-

849 4632 1004 4697 cultatem
1040 4631 1215 4697 declinare.
1275 4631 1348 4711 Qua
1383 4631 1663 4716 argumentatione
1695 4630 1915 4693 coniecturam

849 4740 1119 4806 Sonnenscheinii
1154 4741 1232 4805 satis
1255 4740 1460 4823 redarguisse
1495 4747 1528 4802 et
1556 4759 1686 4801 versum
1721 4735 1764 4799 ab
1788 4736 1916 4799 iniustis

849 4848 1089 4933 suspicionibus
1113 4848 1298 4912 vindicasse
1325 4846 1406 4910 mihi
1429 4845 1552 4910 videor.
1612 4843 1663 4908 De
1687 4845 1779 4907 exitu
1803 4864 1917 4906 versus

850 4957 961 5022 confer
984 4979 1131 5042 eaquae
1156 4957 1308 5041 exposuit
1332 4955 1400 5019 Leo
1424 4951 1486 5036 (Pl.
1505 4954 1543 5017 F.
1561 4975 1591 5038 p.
1610 4952 1673 5015 247
1692 4950 1788 5037 sqq).
1815 4990 1855 4998 —
