5509 6484
1278 1472 1404 1560 Caput
1427 1473 1489 1541 lV.

939 1621 1030 1685 Idem
1054 1621 1116 1685 hoo
1139 1623 1281 1707 pertinet
1316 1622 1357 1684 ad
1382 1621 1454 1685 illos
1478 1622 1566 1686 locos
1600 1622 1688 1686 haud
1717 1621 1816 1686 dubie
1852 1644 1919 1685 cor·

847 1738 970 1814 ruptos,
1007 1728 1127 1814 quibus
1162 1738 1269 1792 tamen
1295 1751 1379 1814 quae
1403 1727 1531 1791 medela
1564 1729 1606 1792 sit
1630 1727 1817 1792 adhibenda
1840 1752 1919 1793 sane

848 1837 1038 1921 ambiguum
1063 1851 1120 1901 est.
1169 1838 1230 1901 His
1254 1837 1295 1900 de
1319 1836 1399 1900 locis
1422 1860 1506 1922 quae
1531 1837 1698 1922 explicare
1722 1837 1842 1920 studui,
1875 1860 1918 1900 ex

849 1945 889 2008 iis
913 1945 939 2007 si
955 1942 1036 2007 nihil
1052 1944 1151 2025 aliud,
1176 1954 1210 2007 at
1227 1953 1314 2007 certe
1331 1944 1392 2007 hoe
1412 1943 1592 2027 intelleges
1618 1945 1747 2029 quantis
1764 1944 1917 2007 cancellis

849 2051 945 2115 hodie
970 2073 1099 2137 quoque
1124 2052 1261 2115 scientia
1284 2062 1395 2114 nostra
1419 2052 1665 2137 circumscripta
1688 2052 1739 2115 sit.
1787 2052 1918 2114 Etenim

848 2159 999 2244 quamvis
1022 2159 1161 2223 fidenter
1185 2158 1368 2243 complures
1394 2160 1456 2221 viri
1472 2159 1559 2222 docti
1584 2159 1780 2223 coniecturis
1803 2181 1918 2223 verum

849 2267 1014 2331 consecuti
1039 2289 1109 2330 esse
1144 2266 1207 2331 sibi
1231 2266 1415 2346 videantur,
1451 2277 1559 2330 tamen
1585 2278 1621 2332 ut
1654 2290 1765 2331 omnes
1789 2267 1918 2331 dubita-

848 2375 951 2437 tiones
974 2384 1181 2437 removerent
1203 2396 1276 2437 mea
1299 2374 1431 2459 quidem
1456 2375 1617 2438 sententia
1638 2374 1767 2458 saepius
1790 2375 1830 2437 iis
1854 2397 1917 2436 non

849 2481 997 2564 contigit.
1057 2480 1122 2545 Sed
1156 2504 1197 2543 ne
1232 2482 1305 2565 quis
1339 2491 1509 2567 exspectet
1536 2482 1617 2544 meis
1645 2503 1696 2543 me
1724 2480 1919 2544 coniecturis

848 2588 1021 2651 lectionem
1040 2584 1237 2651 'Plautinam
1273 2588 1423 2652 codicum
1459 2589 1627 2674 scripturis
1662 2587 1826 2652 obtectam
1863 2609 1918 2650 ex·

848 2695 1033 2779 pediturum
1059 2717 1139 2777 esse,
1175 2695 1251 2758 huic
1275 2705 1366 2758 tanto
1401 2697 1528 2759 muneri
1551 2696 1632 2758 adeo
1657 2717 1721 2758 non
1756 2716 1816 2779 par
1839 2694 1918 2757 mihi

848 2801 972 2882 videor,
1008 2813 1045 2865 ut
1080 2802 1157 2865 satis
1181 2801 1320 2864 habeam
1356 2801 1504 2885 pluribus
1533 2801 1621 2883 locis,
1659 2824 1739 2887 quas
1774 2800 1918 2865 medelas

849 2909 937 2972 docti
972 2907 1201 2990 adhibuerunt,
1239 2930 1293 2971 eas
1328 2916 1486 2993 quantum
1521 2929 1650 2992 possum
1686 2909 1850 2972 infirmare
1880 2932 1918 2972 ac

850 3015 984 3096 diluere,
1021 3016 1109 3102 quod
1145 3016 1171 3079 si
1206 3015 1286 3079 mihi
1320 3015 1504 3099 contigerit,
1540 3036 1605 3078 non
1640 3014 1721 3079 nihil
1751 3025 1839 3079 certe
1866 3038 1918 3080 me

848 3124 1024 3209 profecisse
1054 3123 1259 3186 existimabo.
1319 3122 1517 3207 Ceteroquin
1552 3123 1632 3186 mihi
1664 3123 1795 3186 videtur
1822 3125 1917 3208 proli·

848 3232 948 3295 tenda
972 3254 1041 3295 esse
1066 3232 1147 3294 ratio
1171 3230 1346 3294 nesciendi.

924 3412 997 3474 (las
1022 3417 1071 3473 72.
1118 3423 1160 3489 ‚et
1181 3410 1232 3473 1111
1255 3413 1290 3473 ia
1313 3422 1422 3473 nostro
1446 3412 1589 3472 terrain
1613 3408 1747 3493 Apolic‘
1772 3410 1840 3473 ΑΡ.

849 3535 988 3598 Versum
1022 3557 1173 3604 maneum
1209 3557 1248 3598 ac
1283 3534 1424 3597 debilem
1458 3555 1527 3596 esse
1562 3532 1617 3596 vel
1645 3533 1749 3617 primo
1784 3544 1918 3618 aspectu

850 3651 995 3728 apparet.
1043 3642 1109 3706 Sed
1133 3643 1283 3726 quamvis
1308 3642 1445 3725 insignis
1474 3641 1515 3703 sit
1538 3640 1591 3702 hic
1616 3640 1785 3704 ambarum
1808 3662 1918 3704 rocen-

849 3752 976 3814 sionum
1003 3771 1189 3832 consensus,
1226 3759 1344 3831 tamen,
1381 3758 1417 3812 ut
1452 3749 1577 3832 opinor,
1613 3749 1796 3812 cavendum
1824 3748 1918 3811 nobis

849 3868 907 3940 est,
944 3880 985 3921 ne
1008 3857 1143 3921 nimium
1167 3858 1322 3921 momenti
1350 3856 1585 3920 ei‘tribuamus
1610 3868 1666 3919 aut
1690 3856 1731 3919 ob
1756 3877 1826 3918 eam
1850 3876 1918 3919 rem

850 3967 897 4030 sio
920 3966 1152 4029 ratiocinemur
1167 3977 1203 4028 ut
1227 3965 1374 4029 dicamus
1399 3964 1470 4028 fieri
1486 3987 1551 4028 non
1575 3985 1678 4047 posse,
1703 3963 1781 4047 quin
1799 3962 1858 4024 ΑΡ
1876 3984 1918 4025 ex

849 4074 964 4138 eodem
980 4073 1069 4136 fonte
1090 4073 1303 4153 manaverint,
1329 4094 1393 4157 quo
1417 4072 1561 4134 insonte
1583 4072 1687 4154 ipsam
1711 4069 1796 4132 hano
1817 4070 1918 4154 scrip-

849 4190 955 4243 turam
973 4190 1159 4265 corruptam
1181 4181 1345 4244 exstitisse
1362 4189 1488 4242 certum
1505 4179 1555 4257 sit,
1574 4178 1658 4240 siout
1674 4176 1741 4239 Leo
1759 4176 1920 4239 iudicavit

850 4286 912 4365 (Pl.
930 4288 968 4350 F.
987 4310 1017 4372 p.
1038 4287 1113 4364 10).
1154 4287 1304 4349 Forsitan
1329 4286 1416 4349 enim
1432 4293 1519 4348 recte
1544 4285 1720 4348 coniecerit
1736 4282 1918 4371 Seyffertus

849 4395 1016 4480 scripsisse
1033 4393 1186 4458 Plautum
1210 4398 1255 4476 ‚ia
1279 4407 1389 4457 nostra
1405 4406 1499 4464 terro,
1524 4407 1609 4455 tarra
1625 4396 1659 4454 111
1676 4393 1805 4476 Apula,
1831 4391 1917 4477 quod

850 4504 876 4566 si
901 4511 949 4565 est
965 4524 1089 4576 verum,
1116 4511 1148 4565 ct
1165 4501 1326 4564 excidisse
1343 4499 1450 4581 ‚terra‘
1469 4509 1502 4563 et
1518 4510 1677 4564 mutatum
1700 4522 1768 4563 esse
1786 4498 1918 4584 ‚Apula‘

848 4609 945 4671 facilc
981 4621 1029 4672 est
1052 4620 1235 4694 perspectu.
1295 4607 1361 4672 Sed
1385 4630 1514 4693 quoquo
1539 4607 1634 4671 modo
1670 4629 1720 4670 res
1745 4629 1779 4669 se
1808 4605 1917 4687 babet,

850 4715 890 4779 dc
914 4715 1074 4799 producta
1090 4716 1184 4780 verbi
1207 4714 1356 4799 ‚Apulia‘
1382 4715 1511 4803 syllaba
1528 4715 1680 4794 secunda,
1707 4736 1803 4799 quam
1828 4735 1918 4776 men·

849 4845 957 4887 suram
975 4824 1088 4886 statuit
1104 4822 1289 4904 Lindsaius‚
1306 4846 1370 4885 non
1388 4824 1457 4886 sine
1474 4844 1572 4885 causa
1589 4821 1702 4885 dubito
1720 4821 1775 4901 (cf.
1795 4844 1823 4882 v.
1841 4818 1917 4900 ll).
