5509 6484
1384 1160 1428 1225 50

947 1360 1028 1423 qtaeaa
1051 1340 1154 1401 adlisa·
1178 1339 1304 1402 darent
1327 1338 1420 1416 du)m
1444 1339 1503 1401 buc
1517 1339 1579 1421 fai
1599 1343 1810 1402 sustentabant
1835 1339 1864 1401 A

947 1468 1029 1529 qaae
1051 1424 1154 1509 adbuc
1177 1425 1205 1509 te
1228 1469 1338 1509 carens
1361 1424 1511 1508 donabit
1527 1425 1586 1522 fini
1607 1446 1818 1509 sustentabant
1841 1447 1877 1509 P.

868 1552 919 1616 Ac
944 1554 1083 1638 primum
1108 1553 1239 1638 quidem
1260 1553 1415 1617 orationis
1439 1554 1575 1616 formam
1601 1576 1722 1632 ,careas
1738 1552 1809 1637 fad
1826 1556 1939 1640 utique

868 1660 1053 1724 Plautinam
1079 1684 1148 1725 esse
1172 1661 1404 1746 comprobatur
1427 1660 1491 1724 illis
1515 1661 1684 1745 exemplis,
1710 1683 1794 1746 quae
1815 1661 1883 1725 Leo
1906 1662 1939 1724 in

868 1767 1011 1831 editione
1036 1767 1146 1831 attulit
1169 1777 1202 1831 et
1224 1768 1344 1853 quibus
1368 1767 1446 1831 addi
1470 1767 1569 1830 velim
1593 1767 1687 1830 haec:

868 1874 988 1959 Amph.
1010 1875 1088 1939 132:
1124 1879 1238 1959 quoius
1262 1877 1392 1960 capiens
1420 1896 1564 1937 nranama
1592 1888 1635 1937 est
1660 1875 1742 1951 (sim.
1760 1873 1830 1938 Mil.
1849 1873 1939 1955 997.)

868 1981 988 2067 Amph.
1007 1982 1087 2046 989:
1152 2004 1207 2066 epo
1231 2004 1300 2044 sum
1324 1982 1396 2045 Iovi
1418 1984 1501 2046 dicto
1526 1983 1658 2044 audiena

1147 2088 1230 2167 (sim.
1248 2088 1324 2152 991.
1360 2089 1451 2152 Pers.
1469 2088 1549 2169 3783
1575 2088 1664 2165 836.)

868 2196 964 2259 Most.
986 2197 1064 2258 141:
1099 2195 1229 2278 postilla
1253 2199 1392 2279 optiqere
1415 2219 1463 2258 nze
1486 2196 1649 2280 neplepena
1664 2196 1731 2275 fui.

869 2302 991 2367 Confer
1007 2304 1116 2383 etiam,
1134 2314 1170 2365 ut
1187 2324 1229 2364 ex
1245 2301 1355 2365 multis
1372 2324 1479 2387 pauca
1495 2302 1648 2387 exempla
1660 2302 1788 2367 Graeca
1805 2325 1937 2388 ponam:

868 2410 946 2473 Eur.
965 2408 1058 2496 Cycl.
1077 2409 1157 2473 381:
1193 2411 1271 2491 πῶς,
1296 2406 1322 2472 ὦ
1346 2410 1539 2491 ταλαίπωρε,
1569 2406 1620 2492 ἦτε
1649 2410 1823 2490 πάσχοντες
1846 2408 1938 2487 aeide,-

868 2516 947 2580 ibid.
962 2516 1027 2581 635
1045 2539 1108 2601 sq.:
1133 2514 1221 2596 ἡμεῖς
1244 2522 1304 2599 μέν
1327 2518 1422 2596 ἐσμεν
1446 2520 1643 2597 μακρότερον
1668 2515 1728 2597 πρὸ
1747 2523 1809 2581 τών
1826 2522 1939 2598 θυρῶν

1137 2623 1265 2697 ἑστῶτες
1289 2645 1358 2709 sqq.

868 2731 1055 2795 Abioienda
1087 2731 1187 2813 igitur
1221 2741 1270 2794 est
1302 2730 1359 2794 illa
1392 2732 1579 2795 coniectura
1607 2730 1765 2795 Acidalii:
1795 2734 1883 2811 ‚darn
1912 2746 1939 2794 te

869 2840 1040 2902 carendum
1063 2838 1113 2899 bic
1126 2835 1220 2920 fait‘.

959 2945 1029 3008 Iam
1053 2946 1203 3008 venimus
1227 2944 1268 3007 ad
1297 2966 1456 3008 summam
1481 2947 1735 3009 controversiae:
1772 2946 1940 3030 quaeritur

869 3054 964 3135 enim,
989 3053 1073 3117 sitne
1089 3051 1297 3116 retinendum
1320 3049 1427 3136 ‚quoe‘
1452 3060 1549 3133 atque
1565 3053 1609 3134 id,
1633 3075 1828 3138 quamquam
1845 3076 1938 3138 prae·

869 3160 956 3224 cedit
980 3162 1150 3242 ‚raiseriie‘,
1176 3182 1217 3222 an
1241 3159 1464 3243 reponendum
1490 3158 1602 3243 ‚quaest
1651 3159 1717 3224 Sed
1740 3160 1817 3224 hinc
1841 3159 1938 3246 paulo

868 3267 997 3350 longius
1027 3266 1107 3330 mihi
1130 3266 1263 3330 videtur
1293 3288 1364 3330 esse
1389 3265 1648 3348 digrediendum.
1677 3303 1717 3310 —
1742 3268 1865 3331 Verum
1890 3278 1939 3331 est

869 3374 1063 3437 sententiam
1086 3372 1257 3437 relativam
1282 3372 1447 3437 interdum
1463 3395 1527 3436 non
1545 3384 1697 3438 accurate
1714 3395 1787 3438 cum
1804 3374 1938 3438 demon-

869 3483 1006 3545 strativa
1021 3482 1122 3564 iungi,
1149 3504 1193 3545 sc.
1211 3483 1266 3561 ita,
1291 3491 1327 3544 ut
1344 3504 1363 3543 a
1378 3503 1499 3564 genere
1516 3482 1695 3546 masculino
1712 3481 1765 3544 vel
1782 3482 1938 3546 feminino

869 3599 1052 3653 transeatur
1080 3589 1121 3652 ad
1150 3600 1315 3669 nentrum,
1350 3590 1518 3674 magisque
1551 3611 1680 3653 sensum
1709 3612 1806 3675 quam
1837 3589 1938 3653 verba

869 3696 1020 3782 spectari,
1065 3695 1234 3760 Hactenus
1259 3695 1346 3760 haud
1370 3696 1471 3760 dubie
1494 3709 1582 3760 recte
1607 3696 1731 3760 iudicat
1754 3697 1937 3781 Ussingius‚

868 3805 931 3868 nisi
960 3803 1046 3889 quod
1075 3802 1132 3867 illa
1160 3804 1321 3889 exempla,
1353 3826 1438 3890 quae
1462 3804 1571 3868 attulit
1595 3805 1637 3869 ad
1663 3803 1782 3889 Amph.
1800 3827 1832 3868 v.
1850 3804 1936 3883 959.‚

869 3912 1058 3996 diligentius
1098 3914 1279 3976 examinari
1319 3914 1472 3998 oportuit.
1531 3909 1677 3989 Quorum
1714 3912 1937 3997 exemplorum

870 4022 984 4104 (atque
1007 4016 1157 4101 aliorum)
1187 4031 1337 4084 naturam
1362 4043 1436 4083 cum
1461 4021 1645 4084 accuratius
1669 4020 1837 4083 nobiscum
1862 4043 1938 4083 con-

869 4127 1131 4210 sideraverimus,
1156 4128 1329 4212 apparebit
1348 4126 1441 4190 illum
1458 4128 1629 4191 transitum
1647 4127 1718 4191 fieri
1734 4127 1936 4213 plerumque,

869 4234 927 4298 ubi
955 4235 1006 4297 vis
1030 4256 1069 4297 ac
1100 4236 1261 4297 sententia
1285 4234 1482 4298 substantivi
1506 4235 1672 4297 enuntiato
1696 4236 1833 4298 relativo
1858 4245 1938 4299 tam·

869 4363 967 4427 quam
992 4340 1271 4404 circumscribitur
1294 4341 1385 4404 velut
1409 4341 1501 4404 Asin.
1520 4340 1600 4405 559:

870 4451 1009 4524 ,uirtutes
1038 4461 1109 4510 taos
1134 4498 1274 4512 .....
1301 4471 1382 4531 quae
1410 4450 1497 4511 donn
1524 4449 1682 4531 duellique
1713 4449 1793 4511 male
1814 4447 1937 4531 fecisti‘

869 4577 943 4618 nam
969 4577 1063 4639 ,qaae
1087 4605 1093 4617 .
1120 4604 1126 4618 .
1154 4607 1160 4618 .
1187 4606 1193 4619 .
1219 4555 1300 4618 atala
1314 4555 1438 4638 fecisti‘
1462 4556 1495 4618 in
1520 4555 1581 4619 boc
1605 4556 1838 4620 sententiarum
1864 4577 1937 4618 con·

870 4670 964 4724 textu
988 4662 1073 4724 idem
1099 4674 1148 4726 est
1172 4684 1210 4725 ac
1235 4665 1374 4740 ,virtutes
1392 4666 1472 4724 tune
1498 4685 1541 4725 sc.
1559 4664 1644 4726 utin
1661 4663 1790 4726 homine
1807 4664 1937 4747 nequis·

870 4769 950 4831 simo
974 4767 1093 4831 malam
1117 4770 1149 4831 in
1172 4780 1296 4853 partem
1314 4769 1525 4855 accipiendae
1543 4769 1648 4847 (velut
1664 4772 1761 4833 etiam
1778 4779 1937 4833 nostrates

869 4874 1047 4939 identidem
1084 4897 1156 4938 cum
1194 4877 1297 4939 ironia
1332 4899 1489 4961 usurpare
1518 4877 1621 4940 solent
1651 4899 1765 4941 vocem
1796 4876 1937 4940 Helden·

870 4978 983 5061 taren).
1024 4982 1138 5067 Neque
1162 4983 1243 5045 adeo
1268 4983 1332 5046 dici
1357 4985 1463 5068 potuit
1487 5007 1579 5067 ‚prins
1598 5035 1603 5047 .
1624 5035 1629 5047 .
1650 5036 1681 5047 ..
1708 4985 1790 5047 rurale
1804 4985 1935 5066 jecisti,
