5509 6484
1263 1164 1308 1229 65

749 1340 912 1425 pertinere
928 1341 1016 1425 quod
1035 1342 1177 1426 pertinet
1195 1342 1237 1406 ad
1255 1343 1456 1407 infinitivum
1472 1345 1654 1428 praesentis
1671 1345 1705 1408 in
1723 1343 1820 1426 ,-ere‘

749 1447 804 1511 vel
824 1447 926 1528 ,·are‘
947 1448 1163 1513 desinentem:
1189 1471 1264 1513 nam
1289 1450 1376 1536 quod
1398 1449 1528 1539 syllaba
1545 1449 1670 1536 ultima,
1693 1453 1820 1517 etiamsi

749 1577 816 1619 una
831 1576 1012 1619 consonans
1024 1556 1244 1641 subsequitur,
1261 1556 1441 1621 identidem
1455 1557 1615 1643 producta
1627 1567 1765 1645 apparet
1779 1593 1819 1602 —

749 1662 842 1726 volut
865 1660 1048 1747 ,promere‘t
1076 1662 1145 1726 Mil.
1163 1662 1239 1727 848.
1264 1663 1383 1728 Pseud.
1401 1662 1519 1743 355.*)
1544 1663 1701 1751 ‚strpere‘z
1726 1664 1819 1730 Asin.

749 1769 826 1834 250.
855 1765 994 1848 ,cicere‘z
1031 1769 1115 1834 Rud.
1134 1771 1215 1851 2093
1244 1771 1321 1835 244.
1350 1769 1494 1852 ,direre‘:
1528 1771 1629 1836 Merc.
1648 1773 1723 1838 934.
1749 1772 1819 1837 Mil.

752 1878 848 1943 1316.
866 1877 1017 1964 (utroque
1033 1877 1104 1942 loco
1121 1887 1197 1943 ante
1213 1879 1318 1964 ipsam
1334 1901 1492 1963 personae
1509 1879 1642 1958 notam).
1669 1880 1742 1945 Cas
1755 1881 1821 1946 674

749 1982 852 2067 (recte
876 1985 944 2049 Leo
967 2008 1099 2050 versum
1123 1988 1291 2051 constituit
1314 2008 1389 2051 cum
1414 1986 1469 2067 A).
1509 1986 1628 2067 ‚dare‘2
1650 1988 1740 2053 Trin.
1754 1988 1821 2053 585

751 2093 840 2171 (ante
875 2094 979 2177 ipsam
1014 2116 1171 2178 personae
1203 2094 1337 2173 notam).
1390 2094 1488 2158 Truc.
1513 2094 1589 2159 425.
1625 2093 1819 2171 ‚abducere‘z

750 2199 846 2265 Most.
868 2200 943 2265 696.
977 2201 1237 2280 (verisimillime)
1263 2243 1305 2252 —
1330 2224 1373 2265 ex
1403 2224 1442 2265 ea
1469 2224 1504 2266 re
1530 2224 1594 2265 non
1619 2224 1821 2289 consequens

667 2387 670 2392 ι
751 2317 858 2372 estut
886 2308 1067 2372 iudicemus
1095 2330 1167 2372 eam
1195 2308 1326 2393 longam
1355 2332 1425 2373 esse
1453 2317 1581 2373 natura.
1629 2308 1722 2389 Quae
1746 2331 1821 2373 cum

640 2416 642 2420 ’
750 2416 797 2479 ita
812 2416 887 2498 sint,
904 2414 1099 2500 relinquitur
1114 2425 1151 2480 ut
1167 2425 1224 2481 aut
1240 2438 1315 2480 cum
1326 2415 1488 2504 Seyfferto
1503 2417 1621 2496 ,denter
1634 2420 1822 2501 crepitantes

750 2522 890 2607 syllabae
929 2520 1114 2608 expleciace‘
1157 2532 1337 2587 statuamus
1376 2521 1689 2606 (,elc-la·lavieae‘),
1729 2523 1822 2588 velut

750 2629 846 2694 Most.
864 2630 944 2711 3193
974 2629 1053 2711 3253
1084 2631 1159 2694 331.
1184 2630 1279 2695 homo
1308 2630 1505 2695 temulentus
1529 2652 1610 2694 voce
1635 2629 1822 2695 balbutiens

750 2736 852 2821 probe
887 2737 1090 2822 depingitur,
1126 2737 1213 2822 quod
1248 2738 1275 2801 si
1299 2738 1346 2801 ita
1369 2738 1425 2819 sit,
1454 2737 1552 2823 plane
1577 2737 1763 2823 diserteque
1787 2739 1822 2801 in

750 2843 843 2908 libris
878 2845 1118 2927 significaretur
1152 2866 1286 2908 necesse
1319 2866 1386 2909 non
1421 2844 1521 2909 fuisse
1556 2844 1645 2909 haud
1681 2845 1747 2909 scio
1780 2868 1822 2909 an

751 2973 919 3036 ponamuS,
945 2964 1002 3015 aut
1025 2951 1149 3036 aliquid
1174 2952 1336 3015 excidisse
1361 2952 1566 3036 suspicemur
1589 2961 1622 3015 et
1639 2952 1670 3016 id
1689 2952 1822 3038 quidem

751 3059 859 3143 potius
875 3060 907 3122 in
925 3060 990 3122 fine
1007 3081 1103 3143 quam
1120 3059 1213 3123 initio
1229 3081 1353 3122 versus.
1390 3058 1592 3123 Dubitanter
1609 3067 1769 3144 cauteque
1785 3068 1822 3124 ut

751 3168 784 3230 in
800 3189 835 3230 re
852 3168 976 3231 incerta
992 3167 1117 3229 conicio
1133 3166 1307 3250 genuinam
1325 3166 1462 3230 formam
1475 3188 1589 3230 versus
1605 3166 1705 3230 fuisse
1721 3166 1821 3231 hanc:

850 3294 933 3371 ,iure
956 3304 1084 3377 optumo
1107 3314 1154 3355 rne
1178 3292 1308 3355 cluniace
1330 3291 1482 3373 arbitror,
1506 3287 1721 3372 naharu)

751 3439 796 3481 sc.
829 3416 991 3482 excidisse
1025 3418 1214 3481 vocativum
1248 3426 1324 3480 ante
1353 3417 1457 3501 ipsam
1486 3415 1632 3480 eiusdem
1663 3436 1821 3500 personae

750 3533 861 3588 notam
897 3525 952 3602 (cf.
981 3547 1019 3588 ea
1054 3548 1138 3610 quae
1167 3525 1305 3609 exposui
1333 3524 1375 3588 ad
1405 3523 1523 3588 Pseud.
1545 3546 1577 3587 v.
1600 3522 1714 3599 954.)?
1767 3522 1822 3586 An

751 3654 866 3696 vorsus
886 3632 1018 3696 videtur
1035 3631 1217 3718 explendus
1234 3654 1304 3695 esse
1321 3631 1362 3696 ad
1380 3630 1568 3717 exemplum
1585 3630 1678 3693 Asin.
1696 3652 1727 3693 v.
1747 3629 1821 3694 135.

751 3741 812 3820 ita,
840 3751 877 3803 ut
904 3740 939 3803 in
966 3740 1031 3803 fine
1059 3737 1174 3819 ,bonia‘
1203 3740 1357 3803 omissum
1383 3761 1452 3802 esse
1476 3747 1533 3801 aut
1557 3736 1667 3823 aliquo
1691 3736 1822 3807 defectu

752 3847 887 3931 periisse
922 3846 1124 3912 statuamus?
1171 3846 1321 3910 Profecto
1350 3868 1425 3909 cum
1453 3844 1535 3908 nibil
1563 3844 1644 3907 certi
1673 3842 1823 3928 expediri

752 3956 868 4039 possit,
897 3955 1080 4040 profitenda
1108 3964 1157 4019 est
1184 3955 1265 4018 ratio
1293 3952 1463 4017 nesciendi
1486 3973 1593 4037 neque
1617 3948 1822 4013 adhibendus

752 4062 884 4126 videtur
919 4085 988 4126 esse
1022 4062 1076 4126 hic
1104 4062 1194 4126 locus
1223 4061 1264 4125 ad
1294 4059 1542 4144 disceptandam
1566 4056 1822 4121 controversiam

752 4171 866 4254 ipsam.
891 4204 936 4211 —

841 4383 866 4448 *)
884 4380 1028 4433 Lindsaius
1058 4380 1130 4450 quod
1159 4379 1186 4431 in
1211 4378 1263 4432 hoc
1290 4395 1369 4430 versu
1398 4375 1479 4429 scribi
1502 4374 1589 4428 voluit
1607 4389 1735 4444 promere
1753 4373 1823 4443 potia

752 4472 815 4522 snm‘
843 4487 880 4523 sc.
908 4451 1049 4540 ,prdrnffl
1077 4474 1231 4538 suspectum
1256 4485 1314 4521 esse
1337 4473 1424 4532 ratus,
1453 4462 1520 4516 nihil
1544 4463 1606 4534 egit.
1648 4460 1733 4515 Immo
1757 4479 1821 4515 vero

753 4559 877 4629 exempla
898 4559 958 4626 illa,
981 4578 1050 4630 quae
1069 4576 1150 4628 snpra
1169 4557 1260 4620 attuli,
1284 4556 1377 4626 utique
1397 4554 1533 4607 sufficiunt
1552 4551 1587 4603 ad
1606 4548 1822 4619 redarguendum

753 4647 822 4703 hanc
842 4650 1030 4719 suspicionem.
1067 4648 1161 4718 Neque
1181 4647 1249 4701 adeo
1268 4646 1325 4716 ipse
1345 4644 1397 4698 sibi
1416 4648 1530 4708 constat,
1550 4639 1677 4711 quoniam
1690 4637 1747 4691 Mil.
1760 4638 1821 4692 848.

754 4738 868 4792 eandem
886 4738 956 4793 hanc
974 4757 1127 4793 mensuram
1146 4737 1225 4807 plane
1245 4734 1405 4804 comprobat
1424 4734 1498 4800 (nam
1516 4731 1599 4783 ictum
1618 4727 1709 4799 posuit
1728 4727 1756 4779 in
1775 4726 1823 4778 illa

753 4826 877 4898 syllaba).

829 4917 868 4985 **)
887 4916 918 4969 ln
942 4917 1030 4972 forma
1054 4917 1165 4970 menica
1189 4914 1266 4967 huius
1285 4930 1377 4967 versus
1399 4910 1450 4963 etsi
1469 4909 1523 4963 sint
1542 4907 1588 4978 qni
1606 4905 1748 4970 haereant,
1771 4920 1821 4973 ogo

752 5024 807 5060 non
828 5005 943 5061 offendo.
1015 5007 1020 5015 '
1590 5084 1607 5138 5

817 5111 841 5157 S.
