5509 6484
1353 1158 1392 1221 61

839 1336 872 1399 in
909 1324 1046 1399 eandem
1086 1336 1293 1418 sententiam,
1334 1336 1366 1399 in
1406 1358 1505 1422 quam
1544 1336 1704 1420 accipitur
1744 1333 1912 1420 ‚trapocdi‘

841 1442 896 1520 (cf.
913 1442 1013 1506 Poen.
1031 1441 1132 1525 581.)‚
1150 1464 1191 1505 ex
1211 1442 1282 1527 ipso
1299 1464 1407 1505 rerum
1423 1452 1535 1506 tenore
1551 1442 1751 1528 intellegitur
1767 1453 1800 1507 et
1815 1465 1911 1528 posse

840 1551 887 1613 ita
910 1548 1017 1634 accipi
1042 1547 1272 1633 comprobatur
1295 1550 1415 1613 Persae
1439 1574 1470 1612 v.
1489 1549 1555 1613 465
1568 1572 1631 1635 sq:

920 1685 1049 1766 ‚tropici
1071 1696 1099 1745 et
1122 1686 1235 1746 corotici
1255 1706 1430 1767 nrtmqaom
1454 1706 1551 1767 aeque
1574 1697 1646 1747 aaut
1669 1681 1834 1747 ateditati‘.

841 1816 925 1882 Sunt
941 1817 1042 1902 igitur
1057 1816 1297 1901 intellegendae
1314 1819 1491 1901 tragicae
1508 1817 1836 1903 Schauspielerinnen
1854 1818 1914 1881 der

841 1923 1015 2008 Tragttdie.
1074 1922 1121 1987 At
1155 1934 1271 1988 suntne
1307 1926 1437 1987 omnino
1473 1925 1637 2009 tragicae?
1693 1926 1797 1989 Immo
1833 1947 1912 1989 vero

841 2032 920 2096 satis
944 2039 1072 2095 constat
1095 2052 1206 2094 omnes
1229 2053 1384 2116 personas
1409 2055 1465 2096 seu
1490 2032 1651 2096 masculas
1676 2055 1732 2096 seu
1753 2032 1913 2096 femineas

841 2140 875 2202 in
910 2160 1030 2202 scaena
1062 2138 1197 2223 antiqua
1224 2160 1402 2223 numquam
1431 2140 1492 2202 nisi
1517 2163 1537 2203 a
1560 2139 1704 2203 maribus
1728 2150 1818 2203 actas
1842 2162 1913 2203 esse

842 2267 944 2331 usque
980 2245 1022 2308 ad
1055 2243 1232 2309 Caesarum
1268 2262 1425 2330 tempora.
1485 2245 1572 2325 Quid
1608 2248 1707 2331 igitur
1742 2246 1804 2311 sibi
1840 2247 1913 2311 vult

841 2351 1005 2438 ,tropicae‘
1031 2363 1088 2416 aut
1112 2352 1190 2438 quid
1215 2352 1278 2416 loci
1303 2353 1425 2417 habet?
1471 2354 1525 2417 An
1550 2354 1793 2432 translationem
1818 2355 1912 2419 verbi

842 2462 1050 2546 nescioquam
1074 2470 1131 2523 aut
1154 2461 1283 2544 generis
1307 2461 1638 2524 accommodationem
1663 2461 1739 2524 huic
1763 2461 1833 2525 loco
1855 2462 1912 2525 ad·

841 2566 1018 2633 bibendam
1054 2589 1125 2630 esse
1153 2576 1264 2631 censat
1291 2567 1383 2630 Leo?
1430 2567 1518 2631 Nihil
1548 2570 1678 2632 omnino
1703 2568 1911 2652 significavit.

842 2677 913 2740 Iam
936 2697 1014 2739 vero
1039 2676 1066 2738 si
1088 2697 1318 2759 reponeremus
1343 2673 1493 2759 ‚trapiri‘,
1518 2698 1649 2760 prorsus
1673 2676 1819 2761 ineptum
1844 2687 1877 2741 et
1894 2700 1914 2741 a

843 2784 1076 2847 sententiarum
1105 2792 1215 2845 tenore
1245 2782 1388 2846 alienum
1417 2783 1478 2847 hoc
1506 2784 1574 2847 fore
1599 2785 1671 2869 quis
1696 2795 1744 2847 est
1768 2785 1824 2869 qui
1848 2808 1912 2848 non

842 2892 976 2957 videat?
1000 2928 1044 2936 -
1069 2892 1161 2955 Haec
1186 2902 1234 2955 est
1258 2891 1326 2956 sola
1350 2893 1484 2956 offensio
1509 2893 1688 2977 eademque
1708 2903 1774 2955 tam
1790 2894 1912 2976 gravis,

842 3014 879 3065 ut
913 3022 1067 3085 superare
1102 2986 1173 3062 eam
1210 3021 1272 3061 non
1309 3000 1438 3084 possim.
1492 3000 1627 3063 Prorsus
1659 2998 1754 3062 aliter
1781 3022 1849 3061 rem
1878 3022 1913 3062 se

842 3107 973 3190 habere,
1010 3108 1036 3170 si
1072 3106 1258 3186 ‚Thraecce‘
1288 3128 1399 3169 veram
1429 3107 1602 3170 lectionem
1631 3128 1701 3169 esse
1729 3107 1912 3188 statuimus,

843 3216 955 3300 utique
991 3224 1245 3277 consentaneum
1281 3224 1338 3277 est.
1392 3212 1457 3277 Sed
1490 3234 1575 3298 quae
1605 3214 1656 3276 vis
1685 3235 1723 3276 ac
1751 3214 1915 3276 sententia

841 3323 919 3387 insit
945 3322 980 3385 in
1008 3321 1069 3384 hoc
1097 3320 1137 3384 de
1162 3320 1318 3384 Thraecis
1343 3320 1430 3384 dicto
1455 3331 1487 3384 et
1511 3343 1608 3405 quam
1633 3322 1666 3384 in
1691 3321 1827 3384 formam
1851 3321 1913 3384 hoc

844 3430 966 3494 dictum
991 3430 1032 3492 sit
1056 3428 1281 3511 redigendum,
1306 3439 1373 3491 tam
1398 3428 1571 3492 obscurum
1593 3438 1651 3511 est,
1677 3439 1793 3492 utnon
1810 3430 1913 3513 possi-

842 3559 914 3600 mus
936 3558 999 3600 non
1018 3536 1162 3621 profiteri
1178 3558 1237 3599 nos
1253 3536 1389 3617 nescire,
1414 3535 1447 3599 id
1465 3536 1550 3621 quod
1568 3537 1710 3619 minime,
1734 3545 1772 3600 ut
1788 3537 1912 3620 opinor,

842 3667 902 3708 nos
927 3643 1074 3707 dedecet.
1111 3643 1194 3705 Nam
1220 3645 1314 3707 etiarn
1333 3666 1421 3707 nunc
1438 3645 1575 3707 scientia
1590 3655 1701 3708 nostra
1717 3644 1913 3730 quibusdam

843 3750 997 3817 cancellis
1044 3751 1290 3836 circumscripta
1329 3763 1391 3832 est,
1439 3774 1520 3837 quos
1559 3751 1735 3837 aliquando
1776 3753 1913 3815 fortasse

842 3858 1003 3922 removeri
1032 3880 1126 3942 posse
1155 3857 1267 3921 saltem
1297 3880 1474 3942 speramus
1522 3858 1698 3922 Lindsaius
1721 3881 1809 3939 vere,
1838 3881 1912 3922 cum

843 3966 964 4029 codicis
987 3965 1136 4049 rescripti
1154 3964 1326 4028 lectionem
1343 3988 1363 4027 a
1379 3964 1605 4029 Studemundo
1628 3987 1706 4028 sane
1723 3965 1913 4029 dubitanter

843 4072 1028 4157 suppletam
1064 4094 1122 4157 pro
1158 4071 1329 4156 explorata
1356 4072 1457 4136 habet
1485 4069 1530 4156 (p.
1552 4073 1653 4154 ltu),
1689 4074 1759 4157 ipse
1783 4094 1913 4157 quoque

842 4178 922 4243 mihi
946 4178 1078 4243 videtur
1101 4202 1120 4241 a
1143 4201 1221 4242 vero
1246 4178 1407 4242 aberrare.
1444 4180 1558 4264 Neque
1582 4181 1668 4243 enim
1691 4179 1799 4243 reddit
1819 4179 1915 4244 nobis

842 4288 1011 4369 rationem,
1036 4287 1113 4371 quid
1140 4286 1202 4350 sibi
1226 4286 1307 4350 velit
1330 4286 1412 4350 illud
1436 4289 1483 4366 ‚ia
1508 4288 1663 4350 celonant‘.
1689 4322 1733 4329 —-

843 4505 912 4565 Mil.
925 4508 1021 4564 1399.
1045 4500 1210 4581 etfaciam
1222 4504 1317 4583 quari
1326 4522 1426 4585 puero
1436 4503 1471 4563 ia
1481 4501 1561 4564 rollo
1568 4502 1729 4585 pendeant
1739 4503 1913 4586 crepundia

1078 4607 1119 4687 (P
1145 4642 1186 4650 —
1211 4608 1339 4670 initium
1363 4630 1478 4671 versus
1502 4608 1600 4671 etiam
1624 4607 1669 4684 A)

765 4764 767 4768 ’
843 4741 965 4805 Versus
1001 4742 1085 4804 sicut
1112 4742 1146 4804 in
1174 4740 1266 4805 libris
1295 4740 1414 4825 legitur
1442 4764 1557 4806 vereor
1584 4764 1624 4805 ne
1649 4764 1747 4805 sanus
1770 4765 1835 4806 non
1860 4744 1912 4807 sit.

815 4926 817 4932 Ι
843 4849 911 4913 Leo
934 4850 1066 4935 quidem
1090 4848 1255 4913 lenissima
1279 4852 1467 4913 coniectura
1491 4850 1668 4914 extricavit
1691 4849 1785 4914 haec:

889 4997 936 5063 ‚ut
958 5006 994 5047 aa
1018 4985 1083 5046 iam
1107 4986 1202 5068 quari
1222 5007 1321 5069 puero
1346 4988 1380 5046 ia
1404 4984 1484 5047 collo
1507 4986 1665 5068 pendeant
1688 4981 1873 5069 crepundio‘
