5509 6484
1352 1156 1396 1221 69

839 1337 1019 1422 genuinum
1043 1336 1176 1400 videtur
1197 1334 1280 1399 illud
1304 1329 1582 1418 ,controver·aiam‘,
1607 1333 1694 1419 quod
1711 1355 1785 1397 oum
1802 1334 1908 1419 ipsum
2009 1341 2020 1350 '

840 1467 900 1530 per
927 1467 961 1509 se
986 1444 1167 1508 sententiae
1195 1465 1260 1507 non
1284 1444 1362 1508 satis
1386 1443 1497 1526 faciat,
1521 1442 1554 1508 id
1579 1451 1706 1507 tantum
1730 1442 1908 1527 quaeritur,

841 1551 921 1636 quid
945 1552 988 1615 sit
1004 1550 1232 1637 supplendum.
1268 1550 1385 1636 Itaque
1402 1572 1518 1614 censeo
1535 1548 1744 1614 scribendum
1760 1571 1831 1613 esse
1847 1550 1908 1615 sic:

1017 1696 1085 1773 ,adt
1105 1694 1178 1777 plur
1202 1695 1386 1757 autminus
1411 1694 1506 1777 qadm
1530 1714 1610 1778 opus
1623 1692 1739 1773 falerdt

1038 1802 1121 1864 dicto
1145 1801 1289 1863 dirarum
1312 1799 1378 1875 (in)
1405 1800 1656 1881 controversiam,
1681 1801 1717 1862 ut

1226 1908 1354 1991 sporacio
1370 1902 1523 1989 fieret‘*).

933 2049 1034 2113 Vides
1067 2071 1166 2135 quam
1200 2048 1381 2135 simplicem
1411 2049 1498 2112 viem
1527 2046 1723 2112 emendandi
1746 2047 1910 2131 ingressus

841 2156 912 2221 sim.
960 2156 1026 2220 Sed
1060 2156 1148 2241 quod
1182 2156 1300 2237 attinet
1333 2156 1376 2220 ad
1406 2153 1678 2238 sententiam**),
1714 2158 1761 2235 ‚iu
1790 2167 1910 2219 contro·

840 2260 988 2326 ommam‘
1012 2263 1092 2327 mihi
1116 2262 1247 2327 videtur
1269 2263 1392 2328 habere
1415 2263 1484 2327 vim
1499 2262 1632 2327 finalem
1649 2272 1681 2325 et
1698 2262 1822 2326 dictum
1839 2284 1909 2326 esse

840 2392 900 2456 pro
938 2382 983 2449 ‚ut
1015 2392 1066 2433 rea
1101 2382 1302 2434 controversa
1331 2382 1407 2434 earet
1434 2367 1501 2453 (vel
1526 2364 1709 2451 videretur)‘
1733 2392 1777 2433 sc.
1808 2369 1910 2433 demit

842 2477 896 2541 die
920 2475 1026 2541 Sache
1054 2477 1138 2541 noch
1169 2477 1228 2541 der
1250 2477 1454 2562 Erorterung
1482 2476 1539 2540 des
1563 2476 1616 2539 ftir
1638 2475 1706 2540 und
1730 2476 1833 2540 wider
1855 2476 1910 2541 be·

841 2583 966 2668 durftig
989 2596 1076 2647 ware
1101 2582 1193 2662 (oder
1216 2579 1413 2667 erschiene),
1442 2583 1530 2648 unde
1552 2604 1684 2669 prorsus
1708 2605 1910 2669 consequens

842 2700 921 2773 eret,
945 2700 1056 2755 utres
1080 2690 1122 2755 ad
1146 2690 1398 2777 disceptandum
1422 2690 1608 2755 differretur
1630 2690 1663 2754 in
1687 2699 1853 2775 posterum
1877 2699 1910 2755 et

841 2801 983 2884 ,sponsio
1009 2795 1125 2879 fieret‘.
1172 2797 1213 2861 Id
1245 2807 1354 2862 autem
1390 2806 1426 2861 ut
1461 2798 1650 2883 impetraret
1678 2797 1910 2862 Menaechmus

842 2905 954 2970 dedite
978 2928 1077 2991 opere
1101 2915 1213 2989 egerat
1237 2915 1270 2970 et
1293 2905 1454 2991 quidquid
1478 2904 1617 2969 dicendo
1634 2914 1762 2990 poterat
1778 2904 1909 2969 molitus

842 3022 912 3077 erat
940 3035 984 3077 sc.
1013 3011 1142 3077 clientis
1175 3014 1225 3076 sui
1253 3013 1373 3096 gratia,
1411 3034 1508 3096 quem
1544 3020 1710 3096 tamquam
1738 3012 1910 3075 manifesto

841 3120 946 3184 teneri
963 3142 1005 3183 ex
1021 3120 1070 3203 iis,
1088 3142 1172 3204 quae
1188 3142 1247 3206 pro
1264 3120 1448 3183 testimonio
1465 3117 1671 3199 distulerant,
1690 3118 1908 3184 intellexerat.

842 3228 915 3292 Hoc
951 3227 1011 3291 etsi
1046 3227 1124 3291 satis
1159 3227 1369 3313 perspicuum
1405 3248 1476 3291 esse
1504 3225 1599 3309 duco,
1635 3235 1744 3291 tamen
1773 3226 1910 3291 fortasse

842 3333 979 3419 expedit
1018 3333 1241 3420 compluribus
1280 3333 1441 3419 exemplis
1481 3334 1652 3398 ostendere
1692 3333 1780 3398 hunc
1815 3356 1910 3399 usum

842 3440 997 3526 loquendi
1020 3437 1079 3524 (sc.
1104 3438 1164 3523 ,ia‘
1188 3463 1263 3505 eum
1287 3442 1477 3505 accusativo
1501 3442 1642 3527 positum
1667 3463 1725 3526 pro
1749 3442 1911 3505 sententia

841 3548 932 3612 finali
967 3547 1021 3613 vel
1049 3547 1274 3626 consecutiva)
1310 3570 1374 3612 non
1405 3548 1493 3635 apud
1522 3548 1676 3613 Plautum
1704 3547 1815 3632 mode,
1852 3548 1910 3613 sed

841 3656 930 3741 apud
958 3655 1039 3721 alios
1067 3657 1167 3720 etiam
1190 3656 1364 3741 scriptores
1389 3655 1485 3740 longe
1510 3654 1640 3742 lateque
1664 3664 1787 3740 patere.
1835 3656 1910 3719 Huc

841 3764 978 3843 cadunt,
1013 3773 1050 3827 ut
1077 3764 1206 3828 initium
1234 3765 1363 3849 capiam
1382 3763 1434 3827 ab
1463 3762 1622 3848 exemplis
1646 3761 1910 3848 simplicioribus,

842 3893 916 3935 cum
939 3870 1043 3934 multa
1066 3883 1136 3934 tum
1159 3869 1255 3934 haec:

841 4032 930 4095 Trin.
944 4031 1086 4116 690sq.:
1132 4033 1167 4093 ic
1187 4028 1429 4093 concubinatum
1453 4062 1495 4070 —
1518 4031 1554 4091 ic
1569 4030 1807 4091 matrimonium
1822 4030 1908 4091 dare.

841 4140 941 4203 Poen.
975 4138 1053 4204 102:
1100 4140 1136 4201 ia
1159 4136 1400 4202 concubinatum
1424 4157 1522 4198 emere

842 4246 940 4331 Epid.
972 4245 1053 4310 278:
1100 4248 1135 4309 in
1160 4244 1333 4308 libertatem
1356 4264 1456 4307 emere

887 4388 900 4398 -
972 4352 1053 4417 654:
1099 4356 1135 4416 iu
1158 4353 1329 4416 libertatem
1353 4352 1524 4415 conmlr'are

842 4464 936 4549 Capt.
973 4462 1053 4527 576:
1100 4466 1135 4526 ic
1159 4463 1332 4526 libertatem
1354 4462 1561 4526 reconciliare

929 4725 955 4793 ²²)
974 4726 1016 4778 Do
1039 4742 1164 4777 mensura
1187 4724 1300 4792 ‚suerat‘
1319 4722 1352 4776 cf.
1376 4723 1460 4776 Poen.
1480 4722 1540 4775 110.
1578 4720 1656 4791 Capt.
1676 4719 1736 4774 555.
1767 4719 1824 4773 Mil.
1844 4720 1909 4785 7763

841 4815 919 4869 1364.
956 4815 1038 4868 Mero.
1058 4814 1100 4867 91.
1137 4813 1235 4867 Pseud.
1256 4812 1333 4866 1278.
1371 4808 1726 4876 Rud.217;1105;1389.

929 4904 972 4970 **)
999 4903 1041 4957 De
1071 4910 1156 4957 metro
1186 4902 1319 4968 universo,
1348 4900 1423 4974 quod
1443 4900 1510 4953 duce
1530 4898 1665 4954 Schcellio
1685 4899 1776 4965 statui,
1804 4897 1911 4951 dubitat

840 4992 985 5046 Vahlenus.
