5509 6484
1320 1167 1361 1230 67

808 1346 908 1409 tidem
932 1346 965 1407 in
990 1343 1082 1408 libris
1106 1344 1304 1427 occurrat*),
1333 1366 1488 1429 magnum
1513 1354 1712 1410 momentum
1739 1368 1802 1410 non
1829 1355 1877 1410 est

809 1452 1028 1517 tribuendum.
1077 1451 1274 1537 Ceteroquin
1299 1451 1358 1515 ΑΡ
1387 1451 1485 1537 plane
1513 1453 1599 1516 inter
1622 1476 1657 1517 se
1681 1463 1875 1537 congruunt,

808 1561 841 1623 id
885 1559 972 1645 quod
1016 1560 1190 1624 admodum
1235 1560 1353 1623 mirum
1398 1568 1460 1623 est:
1507 1582 1582 1624 nam
1627 1559 1668 1624 de
1706 1560 1878 1624 retinenda

809 1668 866 1732 illa
893 1689 1007 1731 versus
1037 1668 1154 1749 forma,
1190 1689 1288 1752 quam
1312 1667 1372 1730 ΑΡ
1404 1667 1499 1732 nobis
1528 1668 1756 1754 suppeditant,
1793 1669 1878 1732 sicut

808 1775 983 1838 Lindsaius
1009 1775 1042 1838 in
1059 1775 1208 1854 ,editione
1232 1796 1382 1839 suarem
1405 1777 1516 1859 gessit,
1541 1774 1630 1839 nullo
1655 1775 1752 1840 modo
1770 1785 1878 1860 potest

809 1883 954 1966 cogitari.
1006 1882 1149 1966 Egomet
1184 1883 1231 1946 sic
1265 1883 1450 1965 ratiocinor,
1486 1893 1523 1947 ut
1558 1892 1699 1947 statuam
1735 1884 1877 1968 primum

809 1989 922 2072 ,adeo‘,
947 1991 1099 2074 quoniam
1124 1988 1256 2054 videtur
1279 2012 1349 2053 esse
1372 2012 1487 2053 verum
1508 2000 1541 2055 et
1556 1991 1747 2074 genuinum,
1771 1990 1878 2054 neuti-

809 2120 905 2183 quam
947 2120 1017 2160 esse
1052 2098 1277 2181 temptandum
1313 2106 1369 2161 aut
1400 2120 1417 2160 e
1445 2105 1539 2161 textu
1573 2096 1810 2161 removendum
1846 2105 1879 2161 et

809 2206 918 2268 omnia
952 2204 1109 2267 eiusmodi
1145 2205 1358 2289 temptamina
1381 2204 1474 2269 velut
1497 2204 1592 2287 illud,
1629 2204 1716 2289 quod
1745 2204 1813 2268 Leo
1843 2204 1877 2267 in

810 2312 952 2376 editione
972 2311 1116 2396 protulit,
1141 2312 1254 2397 utique
1274 2311 1449 2376 reicienda.
1487 2311 1642 2397 Sequitur
1663 2326 1699 2375 ut
1720 2312 1877 2375 suffixum

810 2417 906 2503 ,ψιεί
930 2420 1137 2483 retinendum
1160 2419 1216 2482 sit:
1240 2441 1314 2481 nam
1339 2419 1441 2483 verbo
1466 2417 1569 2498 ,adeo‘
1589 2419 1676 2482 hunc
1693 2419 1728 2482 in
1746 2418 1877 2482 modum

810 2522 1021 2611 usurpatorr)
1064 2526 1254 2609 flagitantur
1292 2526 1356 2589 duo
1395 2526 1541 2590 membra
1580 2548 1641 2611 per
1679 2526 1878 2611 particulam

810 2633 1030 2717 copulativam
1054 2633 1139 2695 inter
1162 2655 1196 2696 se
1220 2633 1407 2714 coniuncta,
1436 2654 1574 2718 quorum
1597 2632 1820 2697 membrorum
1843 2633 1878 2695 in

809 2741 987 2825 posteriore
1022 2738 1213 2824 plerumque
1248 2740 1325 2803 insit
1361 2738 1485 2825 aliquid
1517 2740 1731 2824 gradationis.
1784 2738 1878 2819 Quae

810 2869 884 2910 cum
917 2848 964 2911 ita
998 2848 1077 2928 sint,
1112 2869 1176 2909 non
1204 2847 1315 2932 inepte
1343 2846 1526 2934 Seyffertus
1553 2847 1634 2936 mibi
1662 2847 1794 2911 videtur
1822 2870 1879 2911 ex·

810 2956 969 3038 cogitasse
996 2966 1145 3027 ,vostrum
1173 2977 1207 3017 oa
1227 2956 1433 3039 pumicesque
1456 2954 1557 3038 adeo‘,
1591 2977 1675 3040 quae
1704 2955 1877 3039 scriptura,

810 3063 836 3124 si
867 3062 998 3146 quidem
1029 3060 1197 3125 librarium
1226 3062 1350 3125 dictata
1378 3063 1447 3125 sine
1470 3062 1537 3126 ulla
1561 3063 1686 3126 ratione
1711 3071 1768 3127 aut
1791 3063 1877 3145 cogi·

810 3170 933 3232 tatione
968 3169 1199 3252 conscripsisse
1233 3191 1406 3253 ponamus,
1442 3168 1529 3233 haud
1558 3167 1785 3254 improbabilis
1809 3191 1879 3233 esse

810 3276 971 3357 videatur,
996 3276 1058 3339 nisi
1082 3274 1273 3339 haereamus
1296 3276 1330 3339 in
1353 3298 1487 3339 numero
1513 3276 1671 3360 singulari
1693 3297 1768 3339 cum
1785 3299 1879 3360 ,paa-

810 3386 896 3447 ticea‘
931 3382 1146 3467 discrepante.
1206 3382 1257 3446 Ac
1295 3405 1337 3446 ne
1372 3383 1482 3446 Baieri
1522 3382 1654 3467 quidem
1692 3383 1880 3447 coniectura

811 3502 943 3570 ,costros
962 3492 1170 3575 panticeaque
1186 3488 1276 3553 cdeo‘
1301 3489 1412 3575 aliqua
1435 3489 1667 3574 probabilitate
1691 3498 1791 3571 caret,
1815 3491 1879 3555 nisi

810 3598 898 3682 quod
921 3598 1002 3661 haee
1026 3597 1153 3660 numeri
1176 3595 1311 3681 pluralis
1331 3597 1445 3681 forma,
1471 3619 1570 3683 quam
1585 3596 1641 3661 ille
1658 3597 1877 3680 concinnavit,

810 3703 899 3768 nullo
924 3704 1085 3789 exemplo,
1115 3714 1272 3789 quantum
1297 3705 1428 3787 scimus,
1459 3714 1568 3789 potest
1591 3705 1785 3769 confirmari.
1833 3704 1880 3769 At

813 3821 920 3875 tamen
946 3812 1046 3875 fuisse
1062 3812 1147 3875 hanc
1163 3812 1299 3875 formam
1316 3811 1453 3897 pluralis
1469 3812 1660 3877 insolentem
1678 3834 1756 3875 sane
1773 3820 1879 3896 potest

811 3919 965 4002 cogitari,
990 3919 1142 4002 quoniam
1168 3920 1294 3994 ,rostra‘
1319 3919 1398 4004 quid
1423 3917 1677 4003 intellegendum
1707 3928 1792 3982 esset
1815 3917 1878 3982 illis

899 4110 924 4177 *)
944 4110 977 4162 cl.
997 4108 1058 4163 Cas.
1107 4111 1154 4164 55:
1192 4111 1295 4181 adlegat
1313 4111 1339 4162 A
1358 4141 1391 4149 —
1411 4110 1571 4181 allepccitP

1024 4229 1034 4237 -
1106 4198 1153 4253 62:
1190 4199 1291 4271 ablegat
1309 4200 1335 4251 A
1353 4232 1388 4239 -
1408 4198 1575 4270 ablepavitP

997 4286 1153 4341 Poemd40:
1190 4288 1347 4359 adportcatis
1364 4288 1391 4339 A
1410 4319 1443 4327 —
1463 4288 1607 4358 adportata
1625 4287 1647 4339 P

1032 4405 1043 4414 ·
1071 4376 1153 4429 1271:
1191 4378 1313 4447 contingit
1331 4376 1356 4428 A
1375 4406 1409 4416 -
1429 4376 1573 4446 contigitP
1594 4377 1687 4446 (recte)

997 4464 1070 4517 Pers.
1085 4465 1151 4519 313:
1188 4468 1271 4536 tangit
1288 4468 1314 4517 A
1333 4498 1366 4506 —
1387 4466 1468 4536 recipit
1487 4466 1509 4519 P

898 4552 942 4620 **)
961 4553 1045 4607 Posse
1064 4561 1154 4607 autem
1173 4555 1255 4609 verbo
1276 4556 1358 4621 ,adeo‘
1376 4554 1459 4608 tribui
1487 4555 1540 4609 vim
1569 4554 1747 4625 temporalem
1775 4555 1821 4623 ita,
1850 4562 1880 4609 ut

809 4646 882 4707 ,eruar
902 4660 962 4713 sqq.
991 4644 1155 4712 (exspectas,
1183 4650 1214 4696 ut
1237 4644 1341 4714 opinor,
1360 4644 1451 4714 potius
1471 4644 1559 4713 ,duut'·)
1587 4643 1649 4697 inde
1672 4644 1800 4715 pendeat,
1828 4663 1878 4716 pro

810 4731 1003 4784 sententiarum
1021 4738 1115 4785 tenore
1133 4731 1178 4786 vix
1196 4739 1238 4785 est
1255 4732 1404 4802 probabile.
1440 4732 1526 4787 Immo
1545 4733 1616 4787 inest
1634 4732 1662 4785 in
1681 4736 1753 4801 ,cum‘
1773 4733 1813 4788 vis
1833 4734 1879 4787 ad·

810 4820 957 4887 versatim,
988 4820 1060 4891 quod
1092 4820 1131 4873 ita
1163 4840 1221 4875 esse
1253 4828 1367 4892 apparet
1398 4821 1478 4875 etiam
1510 4821 1643 4893 oppositis
1664 4824 1878 4893 pronominibus

810 4926 862 4973 ,cor
883 4948 889 4961 .
911 4950 916 4961 .
937 4949 943 4962 .
964 4949 970 4961 .
989 4948 995 4961 .
1016 4950 1022 4962 .
1041 4917 1103 4980 epo‘.
1149 4909 1251 4963 Eadem
1277 4911 1311 4964 de
1336 4928 1418 4964 causa
1441 4911 1564 4981 improbo
1589 4911 1663 4964 illam
1686 4912 1768 4967 Nonii
1797 4912 1879 4982 scrip-

811 5009 906 5065 turam,
927 4998 1026 5069 quippe
1046 5017 1098 5069 qua
1117 4999 1207 5069 potius
1227 5000 1386 5053 obscuretur
1404 4999 1456 5053 hoc
1476 5018 1555 5070 quam
1570 5006 1700 5053 servetur.
