5509 6484
1370 1146 1413 1211 23

891 1327 983 1388 Trin.
999 1330 1075 1388 413.
1124 1322 1221 1405 Quid,
1247 1326 1334 1409 quod
1357 1329 1412 1409 e'po
1437 1325 1627 1409 defrudavi?
1652 1362 1693 1369 -
1717 1326 1780 1390 Em
1802 1330 1898 1391 istaec

1199 1434 1282 1495 ratio
1306 1445 1494 1496 maxumam.
1531 1431 1591 1496 ΑΡ

857 1554 998 1619 Versum
1021 1556 1106 1620 sicut
1124 1556 1157 1618 in
1173 1554 1265 1620 libris
1281 1556 1438 1620 traditum
1455 1555 1597 1641 legimus
1614 1556 1723 1641 (,quid
1739 1558 1825 1641 quod
1840 1554 1924 1642 e'po‘)

857 1661 1064 1726 retinendum
1088 1684 1159 1726 esse
1183 1684 1310 1727 censeo.
1350 1662 1436 1726 Nam
1459 1664 1493 1727 in
1517 1673 1667 1748 correpta
1690 1663 1796 1749 prima
1812 1686 1926 1728 versus

858 1769 987 1857 syllaba
1006 1771 1078 1855 ipsa
1098 1771 1258 1855 positione
1279 1772 1377 1855 longa
1397 1793 1461 1835 non
1481 1781 1529 1835 est
1546 1771 1633 1858 quod
1649 1772 1867 1853 offendamus3
1884 1771 1925 1835 cf.

1115 1880 1318 1962 dumquidem
1341 1876 1453 1959 te'rrle]
1479 1880 1569 1943 Trin.
1587 1879 1640 1943 58.

1116 1986 1321 2069 dumquidem
1343 1982 1412 2065 loc]
1437 1986 1652 2049 Baccanae.

1114 2094 1329 2176 meusquidem
1351 2089 1464 2172 hercle]
1489 2092 1578 2155 Trin.
1596 2091 1672 2157 559.

1116 2202 1222 2283 ecquis
1245 2196 1329 2279 huic]
1354 2201 1452 2262 Truc.
1467 2199 1541 2263 255.

1113 2326 1234 2390 perque
1256 2303 1350 2386 meos]
1375 2307 1475 2370 Poen.
1493 2307 1569 2371 419.

1115 2414 1276 2495 utquidem
1301 2409 1380 2497 ipse]
1405 2413 1504 2477 Poen.
1523 2413 1598 2476 664.

1115 2520 1209 2582 immo
1233 2532 1268 2582 ut
1292 2516 1371 2605 lpse]
1396 2520 1495 2583 Poen.
1514 2519 1589 2583 669.

1115 2629 1211 2690 immo
1234 2624 1318 2707 ue'ro]
1344 2626 1419 2690 Ter.
1436 2626 1566 2691 Phorm.
1584 2626 1660 2690 936.

1114 2737 1209 2797 immo
1234 2730 1329 2818 quod]
1355 2733 1430 2797 Ter.
1447 2732 1529 2797 Hec.
1546 2732 1623 2797 437.

1114 2843 1210 2904 redde
1233 2838 1419 2921 contionem]
1445 2839 1547 2906 Stich.
1566 2839 1641 2905 768.
1679 2850 1681 2854 ’

946 2947 1063 3012 Bothio
1092 2970 1185 3030 vero,
1214 2949 1271 3033 qui
1299 2949 1351 3011 vir
1379 2948 1494 3012 doctus
1517 2969 1695 3033 pronomen
1721 2944 1800 3032 ,eqo‘
1826 2944 1928 3009 deleri

857 3052 973 3136 voluit,
1010 3054 1092 3117 adeo
1126 3077 1192 3119 non
1220 3055 1392 3137 assentior,
1426 3064 1463 3118 ut
1491 3077 1556 3119 non
1585 3054 1680 3119 modo
1706 3053 1925 3117 necessarium

857 3182 935 3242 esse,
961 3161 1115 3245 quoniam
1132 3160 1291 3226 Stasimus
1315 3184 1349 3225 se
1371 3163 1479 3246 ipsum
1495 3184 1550 3225 ero
1566 3184 1624 3226 suo
1641 3161 1786 3247 opponit,
1812 3181 1927 3223 verum

856 3268 954 3330 etiam
982 3269 1084 3331 ictum
1108 3269 1138 3332 ei
1162 3268 1372 3332 tribuendum
1398 3291 1468 3333 esse
1491 3291 1685 3333 asseverem.
1732 3267 1854 3331 Mirum
1879 3275 1927 3330 est

856 3375 968 3456 etiam,
1005 3397 1102 3460 quam
1130 3374 1226 3459 longe
1254 3398 1274 3439 a
1297 3397 1375 3439 vero
1405 3375 1607 3440 aberraverit
1631 3375 1819 3455 Lindsaius,
1852 3395 1927 3437 oum

856 3481 1074 3546 Fritzschium
1103 3490 1248 3565 secutnS,
1282 3482 1338 3567 qui
1366 3483 1497 3546 omnino
1521 3484 1554 3545 in
1578 3481 1696 3546 Plauto
1721 3480 1927 3546 emendando

856 3573 953 3651 nimis
980 3588 1156 3653 infeliciter
1183 3611 1252 3654 rem
1281 3590 1420 3674 gessisse
1447 3588 1526 3653 mihi
1550 3589 1692 3672 videtur,
1716 3587 1799 3653 illud
1824 3583 1927 3672 ,qutd‘

856 3695 1026 3760 deleverit.
1084 3696 1173 3761 Ecce
1209 3696 1348 3761 eandem
1384 3696 1595 3761 cantilenam:
1636 3707 1803 3782 tamquam
1838 3695 1928 3759 ascia

856 3825 971 3866 versus
995 3802 1177 3886 edolantur,
1202 3812 1239 3867 ut
1258 3812 1399 3868 metrum
1415 3804 1583 3888 redigatur
1601 3805 1634 3867 in
1651 3804 1789 3867 formam
1806 3800 1926 3886 simpli-

857 3911 977 3973 ciorem
1001 3909 1153 3993 neglecta
1176 3932 1254 3973 sane
1278 3911 1456 3974 sententia!

948 4015 1112 4095 Quoniam
1135 4016 1278 4081 vidimus
1302 4018 1335 4079 in
1352 4017 1514 4102 principio
1539 4038 1692 4079 versuum
1714 4015 1927 4079 iambicorum

857 4122 1002 4211 syllabas
1025 4123 1185 4208 positione
1208 4122 1321 4207 longas
1356 4124 1477 4208 corripi
1505 4145 1599 4208 posse
1623 4124 1679 4205 ita,
1715 4131 1752 4186 ut
1787 4123 1926 4186 creticus

734 4254 738 4258 ’
857 4231 953 4295 cedat
976 4233 1010 4294 in
1033 4239 1257 4316 anapaestum,
1282 4232 1451 4316 quaeritur
1466 4230 1597 4294 idemne
1621 4231 1681 4294 hoc
1698 4231 1862 4317 pertineat
1884 4229 1926 4293 ad

857 4338 1002 4426 syllabas
1026 4349 1143 4403 natura
1166 4338 1290 4423 longas.
1327 4339 1439 4424 Atque
1462 4338 1737 4424 proficiscendum
1754 4360 1823 4402 esse
1847 4336 1926 4400 mihi

858 4447 989 4510 videtur
1012 4470 1031 4510 a
1054 4447 1174 4510 Persae
1198 4468 1230 4510 r.
1248 4446 1323 4511 353.
1350 4448 1383 4509 in
1409 4445 1467 4510 ΑΡ
1492 4446 1538 4510 sic
1562 4446 1697 4510 tradito:

872 4629 968 4689 Pers.
993 4631 1070 4688 353.
1115 4646 1179 4689 aaa
1203 4647 1258 4708 epo
1282 4627 1468 4688 inituicitt'ae
1493 4627 1594 4687 nuruis
1616 4624 1721 4708 pluria
1745 4626 1910 4686 caietanae.

857 4750 975 4835 Itaque
991 4772 1050 4835 pro
1068 4745 1155 4830 ‚non‘
1169 4751 1345 4835 praecipue
1361 4750 1505 4814 metricis
1522 4749 1563 4813 de
1580 4750 1686 4813 causis
1702 4748 1925 4833 reponendum

859 4880 929 4921 esse
946 4856 1067 4942 ‚aeque‘
1084 4858 1212 4921 censuit
1228 4856 1534 4938 Sonncnscheinius,
1552 4878 1649 4941 quam
1667 4856 1926 4920 emendationem

858 4987 928 5029 esse
952 4965 1165 5029 certissimam
1190 4964 1270 5028 dicit
1293 4963 1361 5029 Leo
1388 4963 1449 5042 (Pl.
1468 4964 1506 5028 F.
1531 4986 1563 5049 p.
1581 4962 1682 5041 251.).
1722 4963 1765 5026 At
1790 4986 1832 5027 ex
1855 4964 1927 5049 ipsa
