5509 6484
1352 1161 1394 1225 27

840 1359 938 1423 quam
973 1338 1111 1403 formam
1146 1360 1260 1404 versus
1285 1340 1389 1404 Leoni
1423 1361 1487 1404 non
1512 1362 1581 1404 esse
1616 1341 1787 1425 probatam
1821 1342 1908 1407 haud

840 1445 1048 1510 mediocriter
1070 1445 1259 1525 admiror*).
1310 1447 1396 1511 Nam
1419 1444 1546 1533 ‚otqae‘‚
1581 1448 1765 1534 siquidem
1794 1450 1829 1513 in
1852 1449 1910 1514 tali

840 1574 948 1617 rerum
972 1562 1128 1617 contextu
1145 1554 1287 1638 positum
1311 1563 1369 1637 est,
1395 1555 1428 1618 in
1444 1555 1551 1640 prisco
1572 1577 1719 1620 sermone
1736 1557 1823 1621 idem
1847 1558 1910 1622 eibi

841 1658 926 1723 velle
962 1660 1050 1745 quod
1078 1682 1189 1745 ,aeque
1212 1661 1326 1745 atqua,
1362 1661 1423 1725 hoc
1459 1661 1591 1747 quidem
1619 1663 1704 1727 inter
1738 1663 1910 1750 plerosque

841 1768 994 1832 convenit
1040 1777 1097 1831 aut
1143 1768 1319 1854 aliquando
1365 1778 1454 1833 certe
1500 1771 1688 1851 conveniet3
1735 1771 1777 1836 of.¹
1824 1772 1911 1836 enim

841 1874 963 1938 Bacch.
988 1874 1069 1939 549:

913 2002 995 2062 ricta
1017 2012 1062 2062 eat
1084 1999 1146 2079 dic,
1172 2020 1263 2083 quem
1286 2021 1350 2063 aare
1373 2003 1510 2063 amicam
1528 2014 1622 2065 ratur
1646 2024 1715 2065 aum
1738 2014 1832 2086 atquc

1230 2109 1321 2192 iprae
1344 2130 1414 2170 aum
1438 2108 1524 2171 milri.

875 2229 976 2295 Stich.
1002 2252 1033 2294 v.
1059 2229 1139 2294 271:
1164 2234 1248 2294 catio
1270 2237 1305 2294 at
1318 2232 1428 2313 facete
1451 2237 1545 2317 a'tqae
1568 2236 1756 2318 expiatura
1780 2236 1880 2298 datitit

842 2378 902 2439 ego
925 2356 1032 2420 minus
1055 2355 1195 2420 fidenter
1218 2356 1362 2439 afferam,
1391 2359 1544 2442 quoniam
1569 2357 1692 2422 hiatum
1717 2358 1818 2441 illum,
1855 2359 1913 2444 qui

842 2463 1016 2527 intercedit
1051 2464 1135 2525 inter
1161 2463 1270 2546 focem
1304 2473 1336 2528 et
1371 2478 1480 2549 atque,
1519 2466 1641 2530 inserto
1677 2466 1778 2530 verbo
1816 2488 1914 2550 aeque

842 2569 997 2633 facillime
1020 2571 1182 2633 removeri
1205 2592 1299 2655 posse
1323 2579 1473 2656 apertum
1498 2581 1555 2636 est.

932 2677 1059 2742 Eodem
1082 2677 1178 2741 modo
1213 2678 1442 2763 accipiendum
1466 2689 1516 2743 θεῖ
1551 2688 1607 2743 aut
1631 2679 1913 2765 interpretandum

843 2790 958 2867 ‚atque‘
982 2793 1055 2868 post
1090 2786 1350 2869 comparativum
1386 2796 1579 2871 usurpatum
1613 2786 1705 2851 velut
1736 2785 1809 2851 Cas.
1836 2786 1911 2850 861.

844 2892 943 2955 Mero.
970 2890 1045 2956 897.
1070 2889 1129 2973 (sc.
1155 2914 1228 2956 cum
1264 2893 1468 2957 abundantia
1501 2894 1643 2979 quadam
1678 2894 1820 2979 positum
1855 2916 1914 2979 pro

843 2996 961 3084 ,qaam‘
985 3000 1069 3064 sicut
1093 3001 1191 3064 etiam
1214 2998 1336 3086 ‚aeqae‘
1361 3001 1416 3065 vel
1440 3003 1603 3086 ‚odoeqae‘
1628 3001 1807 3065 identidem
1839 3022 1914 3064 cum

844 3108 1066 3192 comparativo
1123 3108 1330 3173 abundanter
1388 3110 1597 3174 coniunctum
1655 3118 1763 3173 exstat
1820 3108 1914 3173 velut

844 3214 938 3300 (lapt.
957 3214 1037 3296 7003
1055 3215 1130 3279 828.
1156 3216 1256 3279 Mero.
1274 3211 1375 3297 335).
1414 3215 1627 3302 Corruptelae
1644 3225 1765 3298 autem,
1789 3218 1915 3301 siquae

844 3331 902 3404 est,
938 3332 1056 3385 natura
1094 3324 1202 3407 posita
1236 3335 1285 3387 est
1325 3325 1358 3387 in
1394 3325 1466 3409 ipsa
1507 3325 1682 3409 scriptione
1718 3322 1913 3387 maiuscula:

845 3430 965 3493 etenim
990 3429 1100 3493 littera
1122 3430 1162 3512 E,
1187 3453 1230 3494 ex
1254 3452 1319 3516 qua
1342 3431 1464 3515 pendet
1488 3454 1614 3496 summa
1637 3453 1755 3512 rerum,
1782 3453 1856 3497 oum
1880 3432 1914 3495 in

846 3536 876 3599 A
900 3537 1025 3600 incerta
1048 3536 1099 3619 sit,
1125 3545 1182 3600 aut
1199 3538 1271 3622 ipsa
1286 3538 1314 3601 Τ
1331 3547 1381 3602 θεῖ
1397 3547 1454 3603 aut
1470 3548 1558 3602 certe
1575 3562 1594 3601 a
1611 3538 1744 3603 librario
1761 3537 1916 3602 facillime

845 3666 919 3708 cum
943 3643 1052 3707 littera
1075 3635 1112 3707 T'
1128 3644 1284 3708 confundi
1308 3646 1423 3730 potuit.
1484 3645 1594 3731 Atque
1629 3644 1716 3709 idem
1751 3645 1813 3709 hoc
1845 3644 1917 3708 fieri

845 3752 988 3836 potuisse
1013 3752 1046 3814 in
1070 3752 1257 3816 recensione
1282 3750 1308 3814 P
1332 3753 1405 3837 quie
1430 3764 1479 3816 est
1502 3753 1559 3837 qui
1582 3751 1762 3816 infitietur?
1788 3790 1827 3799 —

934 3934 1036 3995 Poen.
1054 3937 1128 3994 922.
1175 3953 1238 4008 ‚ero
1254 3926 1322 3993 uai‘
1347 3932 1541 4015 scripturam
1558 3930 1708 3995 codicum
1730 3940 1916 4015 corruptam

846 4061 916 4102 esse
947 4047 1037 4102 ratus
1066 4038 1134 4102 Leo
1162 4038 1250 4123 quod
1279 4038 1314 4101 in
1342 4037 1392 4101 Pl.
1410 4038 1448 4101 F.
1466 4061 1497 4122 p.
1516 4038 1591 4101 240.
1623 4042 1686 4120 ‚ero
1715 4031 1783 4100 aai‘
1811 4038 1918 4121 inquit

846 4146 902 4210 hat
921 4149 958 4229 ja
977 4150 1060 4229 jetzt
1084 4145 1205 4208 wieder
1231 4144 1425 4227 Liebhaber‚
1450 4166 1502 4207 me
1526 4145 1633 4229 ipsum
1656 4166 1785 4230 quoque
1810 4146 1843 4207 in
1868 4145 1917 4208 his

846 4254 1010 4317 numerari
1033 4251 1119 4315 velle
1143 4252 1310 4337 profiteor:
1335 4273 1410 4315 narn
1436 4252 1576 4336 primum
1599 4251 1731 4338 quidem
1755 4274 1916 4334 mensura,

846 4362 880 4424 in
908 4382 973 4445 qua
996 4360 1064 4423 Leo
1093 4360 1236 4423 maxime
1264 4358 1410 4441 offendit,
1440 4359 1631 4443 praesertim
1659 4360 1692 4422 in
1717 4360 1820 4444 primo
1845 4381 1918 4423 ver·

847 4489 940 4531 suum
970 4466 1053 4551 pede
1083 4466 1164 4530 adeo
1193 4488 1257 4530 non
1286 4466 1435 4530 inaudita
1463 4475 1521 4548 θεῖ,
1550 4478 1586 4529 ut
1615 4465 1668 4529 vel
1696 4489 1738 4529 ex
1767 4466 1828 4529 hac
1853 4488 1918 4529 una

847 4596 965 4638 scaena
991 4574 1069 4637 satis
1094 4574 1197 4637 multa
1220 4573 1372 4659 exempla
1397 4573 1550 4657 colligere
1574 4574 1677 4658 possis
1701 4573 1820 4659 quibus
1843 4595 1918 4637 con·

848 4681 1008 4745 firmetur:
1033 4681 1177 4766 exempli
1194 4703 1292 4745 causa
1308 4703 1393 4766 pono
1417 4703 1448 4743 v.
1468 4680 1542 4744 890.
1569 4681 1653 4760 (,ae'd
1676 4680 1733 4743 doc
1756 4680 1816 4761 ta‘3
1840 4682 1918 4744 item

938 4908 964 4970 *l
982 4906 1071 4977 Ipsina
1090 4925 1153 4961 vcro
1173 4907 1272 4961 Leonis
1292 4906 1454 4973 coniectura,
1478 4925 1558 4978 quam
1578 4908 1604 4959 in
1625 4907 1800 4960 adnotatione
1819 4906 1918 4977 posuit,

851 4995 917 5049 mihi
936 4996 1043 5050 videtur
1061 5014 1260 5067 supervacanea
1279 4996 1395 5067 ideoque
1413 4996 1557 5050 reicienda.
