5509 6484
1381 1169 1401 1232 6

856 1356 933 1424 vato
971 1370 1008 1411 eo
1033 1356 1138 1428 textu,
1174 1369 1271 1432 quem
1299 1347 1345 1411 M.
1371 1347 1523 1411 Valerius
1546 1347 1672 1411 Probus
1707 1346 1761 1410 vel
1785 1356 1925 1410 sectator

856 1454 989 1540 quidam
1025 1454 1122 1517 huius
1151 1455 1357 1537 grammatici
1393 1453 1597 1518 celeberrimi
1626 1455 1855 1536 constituisset,
1891 1455 1924 1517 in

855 1584 950 1625 usum
974 1562 1143 1625 doctorum
1158 1560 1326 1624 hominum
1350 1570 1465 1625 curata
1488 1562 1608 1645 etipsa
1629 1560 1821 1646 corruptelis
1837 1561 1924 1624 haud

855 1669 969 1754 paucis
997 1668 1178 1732 deformata
1207 1678 1373 1753 tamquam
1410 1668 1451 1732 ab
1481 1678 1627 1732 extremo
1662 1668 1752 1731 fonte
1781 1669 1924 1731 omnium

856 1778 913 1862 qui
937 1776 1069 1862 quidem
1086 1775 1179 1839 nobis
1195 1785 1324 1861 praesto
1346 1777 1411 1840 sint
1427 1776 1576 1839 codicum
1594 1775 1817 1839 Plautinorum
1835 1777 1923 1859 origo

856 1882 1034 1969 repetenda
1058 1894 1153 1964 esset,
1183 1884 1333 1968 quamvis
1361 1881 1481 1947 multas
1504 1904 1704 1967 magnasque
1728 1884 1924 1947 mutationes

856 1989 1043 2075 singulatim
1084 2000 1117 2053 et
1156 1990 1362 2053 librariorum
1402 1989 1534 2053 licentia
1569 1999 1600 2053 et
1638 1990 1924 2073 grammaticorum

859 2098 997 2163 libidine
1021 2098 1128 2161 textui
1152 2098 1295 2180 ingestas
1320 2119 1389 2159 esse
1414 2106 1596 2180 appareret,
1625 2118 1688 2183 quo
1713 2119 1755 2160 ex
1779 2106 1924 2181 tempore

861 2206 968 2282 (tertio
996 2204 1050 2268 vel
1079 2211 1194 2289 quarto
1218 2226 1250 2288 p.
1275 2202 1351 2266 Chr.
1376 2225 1406 2265 n.
1432 2202 1577 2280 saeculo)
1612 2205 1708 2267 factis
1743 2226 1817 2267 cum
1853 2202 1924 2268 aliis

858 2310 1055 2377 editionibus
1079 2321 1148 2374 tum
1172 2310 1237 2373 illis
1261 2309 1399 2393 duabus,
1437 2332 1574 2395 quarum
1599 2309 1734 2374 alteram
1762 2333 1820 2396 pro
1845 2310 1924 2375 Am-

856 2419 1038 2501 brosianae,
1074 2418 1210 2481 alteram
1233 2439 1292 2503 pro
1316 2416 1487 2482 Palatinae
1521 2419 1719 2482 recensionis
1744 2418 1923 2506 archetypo

856 2549 913 2592 nos
937 2526 1058 2590 habere
1083 2525 1232 2607 solemne,
1268 2534 1380 2590 textus
1403 2526 1559 2589 memoria
1586 2526 1620 2589 in
1644 2526 1790 2590 diversas
1814 2536 1924 2610 partes

856 2633 1067 2698 discessisset.
1092 2669 1136 2675 —
1160 2632 1255 2695 Hanc
1284 2634 1451 2714 rationem,
1488 2654 1586 2717 quam
1621 2654 1685 2695 non
1714 2633 1783 2695 sine
1812 2631 1925 2696 subtili

856 2740 1005 2804 doctrina
1028 2749 1126 2823 atque
1161 2738 1298 2821 argutiis
1320 2738 1389 2801 Leo
1424 2746 1615 2823 persecutus
1644 2746 1701 2820 est,
1737 2761 1842 2823 nuper
1865 2741 1925 2801 im-

857 2847 1019 2932 pugnavit
1047 2845 1225 2908 Lindsaius'
1250 2845 1284 2907 in
1318 2844 1400 2907 libro
1433 2866 1480 2926 e0,
1518 2866 1614 2929 quem
1649 2845 1814 2929 inscripsit
1845 2844 1933 2926 ,Tne

858 2955 995 3017 Aneient
1008 2952 1158 3016 Editions
1175 2951 1212 3034 of
1224 2947 1370 3014 Plentne‘
1390 2948 1528 3033 (Oxonii
1546 2949 1656 3029 1904).
1694 2952 1728 3015 Is
1744 2953 1925 3037 antiquitus

857 3062 939 3126 duas
967 3061 1066 3125 fuisse
1102 3069 1212 3123 textus
1248 3059 1521 3123 conformationes
1558 3061 1750 3143 autumavit,
1787 3082 1924 3145 quarum

857 3170 960 3233 altera
982 3176 1243 3253 repraesentaret
1270 3176 1399 3230 textum
1428 3167 1641 3252 principalem
1674 3178 1705 3231 et
1729 3190 1806 3232 vere
1829 3168 1924 3231 Plau·

857 3279 972 3357 tinum,
998 3274 1101 3339 altera
1125 3284 1252 3339 textum
1269 3274 1363 3360 quasi
1384 3276 1623 3358 secundarium,
1648 3276 1733 3339 sicut
1748 3284 1845 3360 poeta
1860 3276 1923 3338 iam

858 3383 984 3469 pridem
1008 3392 1134 3446 mortuo
1170 3382 1204 3445 in
1227 3404 1322 3445 usum
1358 3383 1544 3447 scaenicum
1572 3405 1592 3445 a
1615 3382 1754 3446 dominis
1788 3404 1924 3465 gregum

856 3490 1105 3555 reconcinnatus
1118 3499 1216 3573 atque
1229 3498 1423 3553 retractatus
1437 3499 1522 3553 esset
1534 3490 1681 3567 (Resinal
1692 3487 1792 3566 textl:
1810 3489 1924 3552 harum

857 3605 968 3662 textus
996 3596 1288 3660 conformationum
1322 3598 1492 3681 utriusque
1527 3596 1728 3680 exemplaria
1764 3594 1857 3659 nobis
1891 3597 1924 3658 in

856 3712 1009 3790 promptu
1044 3725 1127 3767 esse:
1162 3725 1239 3766 nam
1274 3712 1311 3766 ut
1345 3703 1371 3765 P
1400 3703 1572 3788 praeberet
1600 3711 1726 3766 textum
1761 3703 1795 3764 in
1829 3723 1924 3764 usum

856 3812 1042 3876 scaenicum
1058 3818 1281 3891 retractatum,
1303 3810 1349 3873 sic
1366 3810 1397 3873 A
1413 3809 1591 3893 genuinum
1608 3818 1733 3872 textum
1749 3809 1924 3872 memoriae

856 3920 1020 4005 proditum
1036 3917 1167 4000 habere,
1192 3918 1255 3982 nisi
1274 3917 1362 4002 quod
1386 3916 1502 3981 ambae
1519 3926 1629 3981 textus
1653 3917 1924 3981 conformationes

856 4028 935 4112 quin
959 4026 1099 4111 quodam
1124 4025 1219 4089 modo
1244 4026 1328 4089 inter
1352 4047 1386 4089 se
1411 4025 1698 4090 commiscerentur
1720 4046 1780 4110 pro
1807 4034 1925 4089 natura

856 4134 1030 4198 memoriae
1055 4134 1301 4217 antiquissimae
1317 4133 1389 4197 fieri
1409 4154 1473 4197 non
1490 4133 1658 4217 potuisset.
1695 4131 1791 4197 Certe
1816 4143 1924 4196 autem

857 4240 977 4327 quibus
1005 4241 1084 4305 loeis
1111 4240 1170 4304 ΑΡ
1195 4241 1280 4305 inter
1303 4262 1337 4305 se
1365 4249 1581 4324 congruentes
1606 4239 1741 4303 eandem
1767 4240 1925 4304 exhibent

856 4349 1060 4433 scripturam,
1096 4348 1136 4411 iis
1160 4347 1238 4411 locis
1262 4351 1335 4433 ipae
1362 4347 1459 4410 cerda
1481 4348 1595 4410 Plauti
1628 4345 1722 4410 nobis
1751 4356 1924 4431 suppetere

855 4455 945 4519 nullo
970 4455 1152 4519 intermisso
1180 4453 1353 4518 intervallo
1384 4454 1442 4537 (,in
1466 4478 1508 4517 en
1531 4454 1693 4517 andrelec
1722 4456 1784 4517 line
1808 4454 1846 4535 of
1859 4467 1924 4517 tre-

856 4562 970 4626 dition‘
1006 4572 1043 4626 ut
1070 4562 1116 4625 ait
1142 4563 1212 4647 ipse
1239 4584 1270 4647 p.
1297 4561 1354 4639 37)
1394 4584 1497 4648 usque
1535 4561 1577 4625 ad
1616 4570 1764 4645 tempora
1802 4560 1924 4624 liberae

857 4670 1076 4733 Romanorum
1092 4670 1139 4732 rei
1157 4668 1309 4754 publicae
1324 4669 1505 4751 referenda,
1523 4669 1586 4732 nisi
1602 4668 1685 4731 forte
1701 4668 1733 4730 in
1750 4676 1924 4752 utrumque

855 4777 1029 4839 memoriae
1046 4776 1169 4840 fontem
1182 4798 1260 4840 casn
1278 4776 1418 4840 eandem
1431 4774 1646 4860 corruptelam
1660 4797 1695 4839 se
1707 4775 1924 4839 insinuavisse

856 4892 1029 4968 appareret
1063 4883 1192 4966 (aniene
1222 4884 1305 4946 rbere
1338 4885 1367 4947 ie
1396 4884 1482 4949 clear
1511 4882 1694 4968 possibility
1724 4884 1762 4966 of
1793 4883 1841 4946 the
1865 4896 1924 4947 two

856 4990 972 5054 scribes
987 4991 1103 5075 bevinp
1111 4990 1218 5073 fallen
1234 4992 1477 5075 independently
1493 4992 1560 5054 into
1577 4990 1625 5053 tlte
1641 5012 1725 5053 some
1741 4990 1866 5068 error‘).
1880 5024 1924 5033 —
