<?xml version="1.0" encoding="UTF-8"?>
<!DOCTYPE html PUBLIC "-//W3C//DTD XHTML 1.0 Transitional//EN"
    "http://www.w3.org/TR/xhtml1/DTD/xhtml1-transitional.dtd">
<html xmlns="http://www.w3.org/1999/xhtml" xml:lang="en" lang="en">
 <head>
  <title>
</title>
<meta http-equiv="Content-Type" content="text/html;charset=utf-8" />
  <meta name='ocr-system' content='tesseract 3.04.00' />
  <meta name='ocr-capabilities' content='ocr_page ocr_carea ocr_par ocr_line ocrx_word'/>
</head>
<body>
  <div class='ocr_page' id='page_1' title='image "./quaestionesplau00sickgoog_0039.png"; bbox 0 0 5509 6484; ppageno 0'>
   <div class='ocr_carea' id='block_1_1' title="bbox 1353 1154 1397 1219">
    <p class='ocr_par' dir='ltr' id='par_1_1' title="bbox 1353 1154 1397 1219">
     <span class='ocr_line' id='line_1_1' title="bbox 1353 1154 1397 1219; baseline 0.023 -1"><span class='ocrx_word' id='word_1_1' title='bbox 1353 1154 1397 1219; x_wconf 82' lang='lat'>35</span> 
     </span>
    </p>
   </div>
   <div class='ocr_carea' id='block_1_2' title="bbox 840 1331 1998 3991">
    <p class='ocr_par' dir='ltr' id='par_1_2' title="bbox 840 1331 1998 3991">
     <span class='ocr_line' id='line_1_2' title="bbox 842 1331 1911 1418; baseline 0.004 -25"><span class='ocrx_word' id='word_1_2' title='bbox 842 1331 988 1416; x_wconf 85' lang='lat' dir='ltr'>aliosque</span> <span class='ocrx_word' id='word_1_3' title='bbox 1016 1353 1173 1417; x_wconf 84' lang='lat' dir='ltr'>persaepe</span> <span class='ocrx_word' id='word_1_4' title='bbox 1204 1333 1367 1417; x_wconf 79' lang='lat' dir='ltr'><strong>passivam</strong></span> <span class='ocrx_word' id='word_1_5' title='bbox 1399 1333 1467 1396; x_wconf 86' lang='lat' dir='ltr'>vim</span> <span class='ocrx_word' id='word_1_6' title='bbox 1501 1331 1602 1396; x_wconf 87' lang='lat' dir='ltr'>habet</span> <span class='ocrx_word' id='word_1_7' title='bbox 1631 1341 1730 1418; x_wconf 89' lang='lat' dir='ltr'>atque</span> <span class='ocrx_word' id='word_1_8' title='bbox 1759 1332 1841 1397; x_wconf 89' lang='lat' dir='ltr'>adeo</span> <span class='ocrx_word' id='word_1_9' title='bbox 1869 1333 1911 1397; x_wconf 93' lang='lat' dir='ltr'>de</span> 
     </span>
     <span class='ocr_line' id='line_1_3' title="bbox 841 1435 1909 1523; baseline 0.001 -21"><span class='ocrx_word' id='word_1_10' title='bbox 841 1439 986 1523; x_wconf 88' lang='lat' dir='ltr'>personis</span> <span class='ocrx_word' id='word_1_11' title='bbox 1015 1439 1179 1503; x_wconf 91' lang='lat' dir='ltr'>interdum</span> <span class='ocrx_word' id='word_1_12' title='bbox 1207 1438 1327 1504; x_wconf 90' lang='lat' dir='ltr'>dicitur</span> <span class='ocrx_word' id='word_1_13' title='bbox 1358 1435 1465 1521; x_wconf 86' lang='lat' dir='ltr'>(velut</span> <span class='ocrx_word' id='word_1_14' title='bbox 1494 1440 1604 1522; x_wconf 82' lang='lat' dir='ltr'>‚probe</span> <span class='ocrx_word' id='word_1_15' title='bbox 1631 1440 1810 1503; x_wconf 80' lang='lat' dir='ltr'>meditatas‘</span> <span class='ocrx_word' id='word_1_16' title='bbox 1839 1439 1909 1504; x_wconf 89' lang='lat' dir='ltr'>Mil.</span> 
     </span>
     <span class='ocr_line' id='line_1_4' title="bbox 841 1535 1911 1631; baseline 0 -20"><span class='ocrx_word' id='word_1_17' title='bbox 841 1547 916 1611; x_wconf 80' lang='lat'><strong>903.</strong></span> <span class='ocrx_word' id='word_1_18' title='bbox 946 1546 1038 1609; x_wconf 88' lang='lat' dir='ltr'>Trin.</span> <span class='ocrx_word' id='word_1_19' title='bbox 1057 1546 1137 1626; x_wconf 74' lang='lat'>8173</span> <span class='ocrx_word' id='word_1_20' title='bbox 1174 1540 1420 1630; x_wconf 79' lang='lat' dir='ltr'>,permeditotua‘</span> <span class='ocrx_word' id='word_1_21' title='bbox 1452 1546 1549 1631; x_wconf 87' lang='lat' dir='ltr'>Epid.</span> <span class='ocrx_word' id='word_1_22' title='bbox 1570 1542 1670 1630; x_wconf 58' lang='lat'>375),</span> <span class='ocrx_word' id='word_1_23' title='bbox 1705 1535 1752 1610; x_wconf 86' lang='lat' dir='ltr'>sic</span> <span class='ocrx_word' id='word_1_24' title='bbox 1776 1537 1911 1630; x_wconf 85' lang='lat' dir='ltr'>colligas</span> 
     </span>
     <span class='ocr_line' id='line_1_5' title="bbox 842 1652 1911 1739; baseline 0.001 -23"><span class='ocrx_word' id='word_1_25' title='bbox 842 1654 971 1718; x_wconf 81' lang='lat' dir='ltr'>licuisse</span> <span class='ocrx_word' id='word_1_26' title='bbox 1000 1652 1116 1718; x_wconf 91' lang='lat' dir='ltr'>Plauto</span> <span class='ocrx_word' id='word_1_27' title='bbox 1145 1653 1254 1718; x_wconf 92' lang='lat' dir='ltr'>dicere</span> <span class='ocrx_word' id='word_1_28' title='bbox 1289 1655 1388 1718; x_wconf 91' lang='lat' dir='ltr'>etiam</span> <span class='ocrx_word' id='word_1_29' title='bbox 1417 1656 1580 1734; x_wconf 66' lang='lat' dir='ltr'>,meditari</span> <span class='ocrx_word' id='word_1_30' title='bbox 1606 1652 1756 1739; x_wconf 81' lang='lat' dir='ltr'>aliquam‘</span> <span class='ocrx_word' id='word_1_31' title='bbox 1785 1653 1839 1717; x_wconf 88' lang='lat' dir='ltr'>vel</span> <span class='ocrx_word' id='word_1_32' title='bbox 1868 1677 1911 1717; x_wconf 68' lang='lat' dir='ltr'>ae</span> 
     </span>
     <span class='ocr_line' id='line_1_6' title="bbox 840 1758 1911 1825; baseline 0.001 -2"><span class='ocrx_word' id='word_1_33' title='bbox 840 1758 1010 1825; x_wconf 79' lang='lat' dir='ltr'>meditari‘.</span> <span class='ocrx_word' id='word_1_34' title='bbox 1055 1760 1120 1824; x_wconf 80' lang='lat' dir='ltr'>Sed</span> <span class='ocrx_word' id='word_1_35' title='bbox 1145 1782 1227 1825; x_wconf 88' lang='lat' dir='ltr'>cave</span> <span class='ocrx_word' id='word_1_36' title='bbox 1250 1783 1291 1824; x_wconf 93' lang='lat' dir='ltr'>ne</span> <span class='ocrx_word' id='word_1_37' title='bbox 1314 1761 1450 1825; x_wconf 92' lang='lat' dir='ltr'>nimium</span> <span class='ocrx_word' id='word_1_38' title='bbox 1474 1762 1668 1825; x_wconf 83' lang='lat' dir='ltr'>festinanter</span> <span class='ocrx_word' id='word_1_39' title='bbox 1692 1769 1748 1824; x_wconf 91' lang='lat' dir='ltr'>aut</span> <span class='ocrx_word' id='word_1_40' title='bbox 1771 1760 1911 1825; x_wconf 87' lang='lat' dir='ltr'>fidenter</span> 
     </span>
     <span class='ocr_line' id='line_1_7' title="bbox 841 1867 1909 1953; baseline 0.001 -23"><span class='ocrx_word' id='word_1_41' title='bbox 841 1867 902 1931; x_wconf 92' lang='lat' dir='ltr'>hoc</span> <span class='ocrx_word' id='word_1_42' title='bbox 915 1876 1049 1947; x_wconf 87' lang='lat' dir='ltr'>statuas,</span> <span class='ocrx_word' id='word_1_43' title='bbox 1063 1868 1215 1953; x_wconf 90' lang='lat' dir='ltr'>quoniam</span> <span class='ocrx_word' id='word_1_44' title='bbox 1232 1868 1294 1932; x_wconf 93' lang='lat' dir='ltr'>hoc</span> <span class='ocrx_word' id='word_1_45' title='bbox 1311 1868 1499 1953; x_wconf 87' lang='lat' dir='ltr'>exemplum</span> <span class='ocrx_word' id='word_1_46' title='bbox 1513 1877 1563 1934; x_wconf 91' lang='lat' dir='ltr'>est</span> <span class='ocrx_word' id='word_1_47' title='bbox 1574 1890 1706 1953; x_wconf 87' lang='lat' dir='ltr'>prorsus</span> <span class='ocrx_word' id='word_1_48' title='bbox 1718 1868 1909 1938; x_wconf 88' lang='lat' dir='ltr'>solitarium.</span> 
     </span>
     <span class='ocr_line' id='line_1_8' title="bbox 843 1973 1910 2060; baseline 0.001 -23"><span class='ocrx_word' id='word_1_49' title='bbox 843 1973 948 2053; x_wconf 83' lang='lat' dir='ltr'>Quam</span> <span class='ocrx_word' id='word_1_50' title='bbox 973 1974 1014 2039; x_wconf 92' lang='lat' dir='ltr'>ob</span> <span class='ocrx_word' id='word_1_51' title='bbox 1036 1976 1141 2059; x_wconf 88' lang='lat' dir='ltr'>ipsam</span> <span class='ocrx_word' id='word_1_52' title='bbox 1156 1997 1225 2039; x_wconf 90' lang='lat' dir='ltr'>rem</span> <span class='ocrx_word' id='word_1_53' title='bbox 1241 1974 1333 2057; x_wconf 85' lang='lat' dir='ltr'>nihil,</span> <span class='ocrx_word' id='word_1_54' title='bbox 1358 1984 1395 2040; x_wconf 92' lang='lat' dir='ltr'>ut</span> <span class='ocrx_word' id='word_1_55' title='bbox 1411 1976 1534 2060; x_wconf 86' lang='lat' dir='ltr'>opinor,</span> <span class='ocrx_word' id='word_1_56' title='bbox 1560 1976 1677 2040; x_wconf 81' lang='lat' dir='ltr'>attinet</span> <span class='ocrx_word' id='word_1_57' title='bbox 1693 1975 1754 2040; x_wconf 91' lang='lat' dir='ltr'>hoc</span> <span class='ocrx_word' id='word_1_58' title='bbox 1771 1975 1910 2039; x_wconf 88' lang='lat' dir='ltr'>verbnm</span> 
     </span>
     <span class='ocr_line' id='line_1_9' title="bbox 842 2082 1910 2168; baseline 0 -23"><span class='ocrx_word' id='word_1_59' title='bbox 842 2083 1023 2166; x_wconf 90' lang='lat' dir='ltr'>comparari</span> <span class='ocrx_word' id='word_1_60' title='bbox 1053 2104 1127 2145; x_wconf 93' lang='lat' dir='ltr'>cum</span> <span class='ocrx_word' id='word_1_61' title='bbox 1152 2082 1253 2147; x_wconf 87' lang='lat' dir='ltr'>verbo</span> <span class='ocrx_word' id='word_1_62' title='bbox 1283 2082 1478 2167; x_wconf 89' lang='lat' dir='ltr'>penetrandi</span> <span class='ocrx_word' id='word_1_63' title='bbox 1502 2082 1649 2168; x_wconf 88' lang='lat' dir='ltr'>aliisque,</span> <span class='ocrx_word' id='word_1_64' title='bbox 1679 2083 1802 2168; x_wconf 91' lang='lat' dir='ltr'>quippe</span> <span class='ocrx_word' id='word_1_65' title='bbox 1826 2104 1910 2168; x_wconf 92' lang='lat' dir='ltr'>quae</span> 
     </span>
     <span class='ocr_line' id='line_1_10' title="bbox 842 2187 1910 2275; baseline 0.001 -23"><span class='ocrx_word' id='word_1_66' title='bbox 842 2189 929 2274; x_wconf 89' lang='lat' dir='ltr'>apud</span> <span class='ocrx_word' id='word_1_67' title='bbox 953 2189 1107 2253; x_wconf 87' lang='lat' dir='ltr'>Plautum</span> <span class='ocrx_word' id='word_1_68' title='bbox 1135 2199 1192 2253; x_wconf 89' lang='lat' dir='ltr'>aut</span> <span class='ocrx_word' id='word_1_69' title='bbox 1219 2187 1412 2275; x_wconf 90' lang='lat' dir='ltr'>plerumque</span> <span class='ocrx_word' id='word_1_70' title='bbox 1441 2200 1498 2254; x_wconf 88' lang='lat' dir='ltr'>aut</span> <span class='ocrx_word' id='word_1_71' title='bbox 1525 2212 1591 2255; x_wconf 92' lang='lat' dir='ltr'>non</span> <span class='ocrx_word' id='word_1_72' title='bbox 1619 2212 1692 2253; x_wconf 89' lang='lat' dir='ltr'>raro</span> <span class='ocrx_word' id='word_1_73' title='bbox 1716 2211 1791 2254; x_wconf 90' lang='lat' dir='ltr'>cum</span> <span class='ocrx_word' id='word_1_74' title='bbox 1814 2211 1910 2253; x_wconf 89' lang='lat' dir='ltr'>accu-</span> 
     </span>
     <span class='ocr_line' id='line_1_11' title="bbox 842 2295 1910 2381; baseline 0 -21"><span class='ocrx_word' id='word_1_75' title='bbox 842 2298 947 2360; x_wconf 90' lang='lat' dir='ltr'>sativo</span> <span class='ocrx_word' id='word_1_76' title='bbox 975 2296 1175 2381; x_wconf 88' lang='lat' dir='ltr'>pronominis</span> <span class='ocrx_word' id='word_1_77' title='bbox 1202 2297 1353 2361; x_wconf 88' lang='lat' dir='ltr'>reflexivi</span> <span class='ocrx_word' id='word_1_78' title='bbox 1385 2298 1560 2362; x_wconf 90' lang='lat' dir='ltr'>coniuncta</span> <span class='ocrx_word' id='word_1_79' title='bbox 1587 2306 1726 2361; x_wconf 87' lang='lat' dir='ltr'>exstent.</span> <span class='ocrx_word' id='word_1_80' title='bbox 1786 2295 1910 2360; x_wconf 89' lang='lat' dir='ltr'>Verum</span> 
     </span>
     <span class='ocr_line' id='line_1_12' title="bbox 842 2402 1909 2490; baseline 0 -23"><span class='ocrx_word' id='word_1_81' title='bbox 842 2418 951 2467; x_wconf 88' lang='lat' dir='ltr'>tamen</span> <span class='ocrx_word' id='word_1_82' title='bbox 979 2403 1140 2488; x_wconf 92' lang='lat' dir='ltr'>quomodo</span> <span class='ocrx_word' id='word_1_83' title='bbox 1164 2414 1278 2467; x_wconf 90' lang='lat' dir='ltr'>natum</span> <span class='ocrx_word' id='word_1_84' title='bbox 1301 2406 1343 2469; x_wconf 91' lang='lat' dir='ltr'>sit</span> <span class='ocrx_word' id='word_1_85' title='bbox 1366 2404 1448 2469; x_wconf 89' lang='lat' dir='ltr'>illud</span> <span class='ocrx_word' id='word_1_86' title='bbox 1472 2402 1545 2479; x_wconf 83' lang='lat' dir='ltr'>,me‘</span> <span class='ocrx_word' id='word_1_87' title='bbox 1569 2405 1596 2468; x_wconf 88' lang='lat' dir='ltr'>si</span> <span class='ocrx_word' id='word_1_88' title='bbox 1620 2406 1816 2490; x_wconf 87' lang='lat' dir='ltr'>quaerimus,</span> <span class='ocrx_word' id='word_1_89' title='bbox 1845 2426 1909 2467; x_wconf 94' lang='lat' dir='ltr'>non</span> 
     </span>
     <span class='ocr_line' id='line_1_13' title="bbox 843 2509 1998 2601; baseline 0.001 -27"><span class='ocrx_word' id='word_1_90' title='bbox 843 2513 912 2574; x_wconf 88' lang='lat' dir='ltr'>sine</span> <span class='ocrx_word' id='word_1_91' title='bbox 936 2532 1036 2574; x_wconf 90' lang='lat' dir='ltr'>causa</span> <span class='ocrx_word' id='word_1_92' title='bbox 1059 2509 1137 2573; x_wconf 89' lang='lat' dir='ltr'>licet</span> <span class='ocrx_word' id='word_1_93' title='bbox 1160 2510 1323 2594; x_wconf 88' lang='lat' dir='ltr'>dubitare,</span> <span class='ocrx_word' id='word_1_94' title='bbox 1352 2533 1431 2575; x_wconf 92' lang='lat' dir='ltr'>num</span> <span class='ocrx_word' id='word_1_95' title='bbox 1454 2534 1474 2575; x_wconf 90' lang='lat' dir='ltr'>a</span> <span class='ocrx_word' id='word_1_96' title='bbox 1497 2512 1710 2595; x_wconf 88' lang='lat' dir='ltr'>grammatico</span> <span class='ocrx_word' id='word_1_97' title='bbox 1734 2511 1910 2597; x_wconf 81' lang='lat' dir='ltr'>nescioquo</span> <span class='ocrx_word' id='word_1_98' title='bbox 1996 2596 1998 2601; x_wconf 23' lang='grc' dir='ltr'>Ι</span> 
     </span>
     <span class='ocr_line' id='line_1_14' title="bbox 842 2617 1911 2702; baseline 0 -21"><span class='ocrx_word' id='word_1_99' title='bbox 842 2617 989 2681; x_wconf 91' lang='lat' dir='ltr'>additum</span> <span class='ocrx_word' id='word_1_100' title='bbox 1026 2617 1076 2699; x_wconf 88' lang='lat' dir='ltr'>sit,</span> <span class='ocrx_word' id='word_1_101' title='bbox 1113 2620 1266 2702; x_wconf 90' lang='lat' dir='ltr'>quoniam</span> <span class='ocrx_word' id='word_1_102' title='bbox 1300 2618 1382 2681; x_wconf 88' lang='lat' dir='ltr'>haec</span> <span class='ocrx_word' id='word_1_103' title='bbox 1410 2617 1506 2682; x_wconf 88' lang='lat' dir='ltr'>verbi</span> <span class='ocrx_word' id='word_1_104' title='bbox 1538 2620 1736 2683; x_wconf 80' lang='lat' dir='ltr'>constructio</span> <span class='ocrx_word' id='word_1_105' title='bbox 1770 2618 1813 2682; x_wconf 90' lang='lat' dir='ltr'>ab</span> <span class='ocrx_word' id='word_1_106' title='bbox 1849 2640 1911 2682; x_wconf 86' lang='lat' dir='ltr'>usu</span> 
     </span>
     <span class='ocr_line' id='line_1_15' title="bbox 841 2723 1910 2810; baseline -0.001 -21"><span class='ocrx_word' id='word_1_107' title='bbox 841 2726 1056 2810; x_wconf 88' lang='lat' dir='ltr'>posteriorum</span> <span class='ocrx_word' id='word_1_108' title='bbox 1084 2734 1267 2809; x_wconf 92' lang='lat' dir='ltr'>temporum</span> <span class='ocrx_word' id='word_1_109' title='bbox 1295 2746 1426 2810; x_wconf 90' lang='lat' dir='ltr'>prorsus</span> <span class='ocrx_word' id='word_1_110' title='bbox 1454 2724 1562 2789; x_wconf 90' lang='lat' dir='ltr'>aliena</span> <span class='ocrx_word' id='word_1_111' title='bbox 1590 2736 1669 2789; x_wconf 89' lang='lat' dir='ltr'>erat.</span> <span class='ocrx_word' id='word_1_112' title='bbox 1718 2723 1769 2788; x_wconf 89' lang='lat' dir='ltr'>Ac</span> <span class='ocrx_word' id='word_1_113' title='bbox 1798 2747 1840 2789; x_wconf 93' lang='lat' dir='ltr'>ne</span> <span class='ocrx_word' id='word_1_114' title='bbox 1869 2724 1910 2788; x_wconf 91' lang='lat' dir='ltr'>de</span> 
     </span>
     <span class='ocr_line' id='line_1_16' title="bbox 841 2830 1911 2918; baseline -0.002 -22"><span class='ocrx_word' id='word_1_115' title='bbox 841 2834 976 2897; x_wconf 88' lang='lat' dir='ltr'>fortuita</span> <span class='ocrx_word' id='word_1_116' title='bbox 999 2831 1131 2918; x_wconf 91' lang='lat' dir='ltr'>quidem</span> <span class='ocrx_word' id='word_1_117' title='bbox 1156 2830 1341 2917; x_wconf 87' lang='lat' dir='ltr'>corruptela</span> <span class='ocrx_word' id='word_1_118' title='bbox 1361 2853 1435 2896; x_wconf 88' lang='lat' dir='ltr'>cum</span> <span class='ocrx_word' id='word_1_119' title='bbox 1456 2832 1566 2918; x_wconf 90' lang='lat' dir='ltr'>aliqua</span> <span class='ocrx_word' id='word_1_120' title='bbox 1582 2831 1814 2917; x_wconf 86' lang='lat' dir='ltr'>probabilitate</span> <span class='ocrx_word' id='word_1_121' title='bbox 1831 2832 1911 2895; x_wconf 92' lang='lat' dir='ltr'>mihi</span> 
     </span>
     <span class='ocr_line' id='line_1_17' title="bbox 841 2938 1911 3025; baseline -0.001 -23"><span class='ocrx_word' id='word_1_122' title='bbox 841 2940 972 3004; x_wconf 88' lang='lat' dir='ltr'>videtur</span> <span class='ocrx_word' id='word_1_123' title='bbox 994 2962 1089 3025; x_wconf 88' lang='lat' dir='ltr'>posse</span> <span class='ocrx_word' id='word_1_124' title='bbox 1113 2939 1260 3022; x_wconf 86' lang='lat' dir='ltr'>cogitari.</span> <span class='ocrx_word' id='word_1_125' title='bbox 1312 2938 1405 3018; x_wconf 79' lang='lat' dir='ltr'>Quae</span> <span class='ocrx_word' id='word_1_126' title='bbox 1429 2961 1504 3003; x_wconf 92' lang='lat' dir='ltr'>cum</span> <span class='ocrx_word' id='word_1_127' title='bbox 1528 2940 1575 3002; x_wconf 89' lang='lat' dir='ltr'>ita</span> <span class='ocrx_word' id='word_1_128' title='bbox 1598 2939 1672 3020; x_wconf 88' lang='lat' dir='ltr'>sint,</span> <span class='ocrx_word' id='word_1_129' title='bbox 1703 2938 1793 3003; x_wconf 89' lang='lat' dir='ltr'>illam</span> <span class='ocrx_word' id='word_1_130' title='bbox 1816 2938 1911 3002; x_wconf 88' lang='lat' dir='ltr'>verbi</span> 
     </span>
     <span class='ocr_line' id='line_1_18' title="bbox 842 3046 1909 3132; baseline -0.004 -20"><span class='ocrx_word' id='word_1_131' title='bbox 842 3050 1125 3130; x_wconf 87' lang='lat' dir='ltr'>constructionem,</span> <span class='ocrx_word' id='word_1_132' title='bbox 1165 3048 1314 3132; x_wconf 89' lang='lat' dir='ltr'>quamvis</span> <span class='ocrx_word' id='word_1_133' title='bbox 1349 3046 1505 3110; x_wconf 88' lang='lat' dir='ltr'>inusitata</span> <span class='ocrx_word' id='word_1_134' title='bbox 1540 3069 1609 3110; x_wconf 90' lang='lat' dir='ltr'>esse</span> <span class='ocrx_word' id='word_1_135' title='bbox 1645 3047 1807 3127; x_wconf 89' lang='lat' dir='ltr'>videatur,</span> <span class='ocrx_word' id='word_1_136' title='bbox 1848 3046 1909 3109; x_wconf 92' lang='lat' dir='ltr'>etsi</span> 
     </span>
     <span class='ocr_line' id='line_1_19' title="bbox 842 3152 1909 3240; baseline -0.004 -21"><span class='ocrx_word' id='word_1_137' title='bbox 842 3156 1031 3220; x_wconf 90' lang='lat' dir='ltr'>dubitanter</span> <span class='ocrx_word' id='word_1_138' title='bbox 1059 3165 1230 3240; x_wconf 87' lang='lat' dir='ltr'>cauteque,</span> <span class='ocrx_word' id='word_1_139' title='bbox 1259 3164 1368 3217; x_wconf 88' lang='lat' dir='ltr'>tamen</span> <span class='ocrx_word' id='word_1_140' title='bbox 1397 3154 1617 3218; x_wconf 84' lang='lat' dir='ltr'>adsciscamus</span> <span class='ocrx_word' id='word_1_141' title='bbox 1641 3164 1674 3218; x_wconf 90' lang='lat' dir='ltr'>et</span> <span class='ocrx_word' id='word_1_142' title='bbox 1697 3152 1816 3217; x_wconf 90' lang='lat' dir='ltr'>Plauto</span> <span class='ocrx_word' id='word_1_143' title='bbox 1840 3154 1909 3215; x_wconf 88' lang='lat' dir='ltr'>vin-</span> 
     </span>
     <span class='ocr_line' id='line_1_20' title="bbox 842 3261 1909 3346; baseline -0.003 -20"><span class='ocrx_word' id='word_1_144' title='bbox 842 3263 998 3342; x_wconf 88' lang='lat' dir='ltr'>dicemus,</span> <span class='ocrx_word' id='word_1_145' title='bbox 1034 3284 1106 3326; x_wconf 88' lang='lat' dir='ltr'>cum</span> <span class='ocrx_word' id='word_1_146' title='bbox 1142 3262 1333 3346; x_wconf 87' lang='lat' dir='ltr'>praesertim</span> <span class='ocrx_word' id='word_1_147' title='bbox 1368 3261 1455 3325; x_wconf 91' lang='lat' dir='ltr'>idem</span> <span class='ocrx_word' id='word_1_148' title='bbox 1491 3261 1630 3325; x_wconf 89' lang='lat' dir='ltr'>verbum</span> <span class='ocrx_word' id='word_1_149' title='bbox 1664 3283 1909 3346; x_wconf 88' lang='lat' dir='ltr'>nonnumquam</span> 
     </span>
     <span class='ocr_line' id='line_1_21' title="bbox 842 3368 1909 3455; baseline -0.004 -21"><span class='ocrx_word' id='word_1_150' title='bbox 842 3370 1027 3455; x_wconf 92' lang='lat' dir='ltr'>promiscua</span> <span class='ocrx_word' id='word_1_151' title='bbox 1062 3369 1224 3433; x_wconf 91' lang='lat' dir='ltr'>sententia</span> <span class='ocrx_word' id='word_1_152' title='bbox 1252 3368 1331 3432; x_wconf 90' lang='lat' dir='ltr'>alibi</span> <span class='ocrx_word' id='word_1_153' title='bbox 1359 3368 1455 3432; x_wconf 85' lang='lat' dir='ltr'>aliter</span> <span class='ocrx_word' id='word_1_154' title='bbox 1482 3378 1674 3453; x_wconf 85' lang='lat' dir='ltr'>usurpatum</span> <span class='ocrx_word' id='word_1_155' title='bbox 1703 3368 1909 3431; x_wconf 90' lang='lat' dir='ltr'>inveniamus</span> 
     </span>
     <span class='ocr_line' id='line_1_22' title="bbox 842 3472 1909 3561; baseline -0.002 -22"><span class='ocrx_word' id='word_1_156' title='bbox 842 3477 933 3542; x_wconf 81' lang='lat' dir='ltr'>velut</span> <span class='ocrx_word' id='word_1_157' title='bbox 968 3472 1143 3561; x_wconf 82' lang='lat' dir='ltr'>‚auperare‘</span> <span class='ocrx_word' id='word_1_158' title='bbox 1179 3474 1280 3540; x_wconf 86' lang='lat' dir='ltr'>Stich.</span> <span class='ocrx_word' id='word_1_159' title='bbox 1308 3475 1384 3539; x_wconf 78' lang='lat'><strong>279.</strong></span> <span class='ocrx_word' id='word_1_160' title='bbox 1414 3474 1546 3553; x_wconf 91' lang='lat' dir='ltr'>(eadem</span> <span class='ocrx_word' id='word_1_161' title='bbox 1581 3474 1675 3538; x_wconf 87' lang='lat' dir='ltr'>verbi</span> <span class='ocrx_word' id='word_1_162' title='bbox 1711 3474 1909 3538; x_wconf 85' lang='lat' dir='ltr'>constructio</span> 
     </span>
     <span class='ocr_line' id='line_1_23' title="bbox 842 3580 1908 3667; baseline -0.005 -18"><span class='ocrx_word' id='word_1_163' title='bbox 842 3586 982 3649; x_wconf 88' lang='lat' dir='ltr'>occurrit</span> <span class='ocrx_word' id='word_1_164' title='bbox 1006 3605 1081 3648; x_wconf 91' lang='lat' dir='ltr'>cum</span> <span class='ocrx_word' id='word_1_165' title='bbox 1104 3581 1316 3647; x_wconf 87' lang='lat' dir='ltr'>translatione</span> <span class='ocrx_word' id='word_1_166' title='bbox 1332 3582 1475 3667; x_wconf 90' lang='lat' dir='ltr'>quadam</span> <span class='ocrx_word' id='word_1_167' title='bbox 1491 3583 1673 3647; x_wconf 88' lang='lat' dir='ltr'>sententiae</span> <span class='ocrx_word' id='word_1_168' title='bbox 1691 3580 1802 3646; x_wconf 88' lang='lat' dir='ltr'>Aulul.</span> <span class='ocrx_word' id='word_1_169' title='bbox 1818 3580 1908 3658; x_wconf 78' lang='lat'><strong>701.)</strong></span> 
     </span>
     <span class='ocr_line' id='line_1_24' title="bbox 842 3687 1908 3777; baseline -0.006 -22"><span class='ocrx_word' id='word_1_170' title='bbox 842 3702 875 3755; x_wconf 88' lang='lat' dir='ltr'>et</span> <span class='ocrx_word' id='word_1_171' title='bbox 898 3714 975 3772; x_wconf 81' lang='lat' dir='ltr'>,oeae</span> <span class='ocrx_word' id='word_1_172' title='bbox 996 3689 1160 3777; x_wconf 70' lang='lat' dir='ltr'>superare‘</span> <span class='ocrx_word' id='word_1_173' title='bbox 1184 3689 1287 3755; x_wconf 85' lang='lat' dir='ltr'>Stich.</span> <span class='ocrx_word' id='word_1_174' title='bbox 1300 3690 1376 3754; x_wconf 79' lang='lat'><strong>365.</strong></span> <span class='ocrx_word' id='word_1_175' title='bbox 1394 3688 1496 3775; x_wconf 86' lang='lat' dir='ltr'>(quod</span> <span class='ocrx_word' id='word_1_176' title='bbox 1520 3690 1627 3774; x_wconf 92' lang='lat' dir='ltr'>ipsum</span> <span class='ocrx_word' id='word_1_177' title='bbox 1651 3710 1781 3775; x_wconf 93' lang='lat' dir='ltr'>quoque</span> <span class='ocrx_word' id='word_1_178' title='bbox 1805 3687 1908 3751; x_wconf 88' lang='lat' dir='ltr'>solum</span> 
     </span>
     <span class='ocr_line' id='line_1_25' title="bbox 843 3793 1910 3883; baseline -0.004 -21"><span class='ocrx_word' id='word_1_179' title='bbox 843 3799 1000 3863; x_wconf 89' lang='lat' dir='ltr'>eiusmodi</span> <span class='ocrx_word' id='word_1_180' title='bbox 1028 3798 1216 3883; x_wconf 83' lang='lat' dir='ltr'>exemplum</span> <span class='ocrx_word' id='word_1_181' title='bbox 1244 3819 1351 3882; x_wconf 89' lang='lat' dir='ltr'>neque</span> <span class='ocrx_word' id='word_1_182' title='bbox 1374 3820 1452 3861; x_wconf 87' lang='lat' dir='ltr'>vero</span> <span class='ocrx_word' id='word_1_183' title='bbox 1484 3796 1709 3881; x_wconf 87' lang='lat' dir='ltr'>temptandum</span> <span class='ocrx_word' id='word_1_184' title='bbox 1734 3794 1806 3873; x_wconf 92' lang='lat' dir='ltr'>est).</span> <span class='ocrx_word' id='word_1_185' title='bbox 1855 3793 1910 3859; x_wconf 87' lang='lat' dir='ltr'>Se·</span> 
     </span>
     <span class='ocr_line' id='line_1_26' title="bbox 843 3901 1909 3991; baseline -0.007 -21"><span class='ocrx_word' id='word_1_186' title='bbox 843 3907 962 3991; x_wconf 87' lang='lat' dir='ltr'>quitur,</span> <span class='ocrx_word' id='word_1_187' title='bbox 990 3916 1027 3970; x_wconf 88' lang='lat' dir='ltr'>ut</span> <span class='ocrx_word' id='word_1_188' title='bbox 1056 3906 1153 3969; x_wconf 89' lang='lat' dir='ltr'>etiam</span> <span class='ocrx_word' id='word_1_189' title='bbox 1178 3907 1234 3985; x_wconf 86' lang='lat' dir='ltr'>,cd</span> <span class='ocrx_word' id='word_1_190' title='bbox 1258 3901 1432 3968; x_wconf 74' lang='lat' dir='ltr'>cursuram‘</span> <span class='ocrx_word' id='word_1_191' title='bbox 1457 3904 1616 3967; x_wconf 88' lang='lat' dir='ltr'>intactum</span> <span class='ocrx_word' id='word_1_192' title='bbox 1640 3902 1909 3988; x_wconf 73' lang='lat' dir='ltr'>relinquamus*).</span> 
     </span>
    </p>
   </div>
   <div class='ocr_carea' id='block_1_3' title="bbox 841 4061 1910 4364">
    <p class='ocr_par' dir='ltr' id='par_1_3' title="bbox 841 4061 1910 4364">
     <span class='ocr_line' id='line_1_27' title="bbox 843 4061 1910 4141; baseline -0.007 -10"><span class='ocrx_word' id='word_1_193' title='bbox 843 4071 937 4131; x_wconf 85' lang='lat' dir='ltr'>Pers.</span> <span class='ocrx_word' id='word_1_194' title='bbox 958 4073 1033 4130; x_wconf 77' lang='lat'>265.</span> <span class='ocrx_word' id='word_1_195' title='bbox 1078 4089 1163 4128; x_wconf 79' lang='lat' dir='ltr'>nunc</span> <span class='ocrx_word' id='word_1_196' title='bbox 1189 4067 1291 4129; x_wconf 82' lang='lat' dir='ltr'>amico</span> <span class='ocrx_word' id='word_1_197' title='bbox 1319 4064 1442 4127; x_wconf 81' lang='lat' dir='ltr'>domiui</span> <span class='ocrx_word' id='word_1_198' title='bbox 1468 4064 1558 4127; x_wconf 75' lang='lat' dir='ltr'>bibus</span> <span class='ocrx_word' id='word_1_199' title='bbox 1583 4061 1629 4140; x_wconf 65' lang='lat' dir='ltr'>(i)</span> <span class='ocrx_word' id='word_1_200' title='bbox 1654 4062 1813 4141; x_wconf 80' lang='lat' dir='ltr'>domi(ti)a</span> <span class='ocrx_word' id='word_1_201' title='bbox 1841 4084 1910 4124; x_wconf 81' lang='lat' dir='ltr'>mea</span> 
     </span>
     <span class='ocr_line' id='line_1_28' title="bbox 932 4171 1350 4258; baseline -0.005 -21"><span class='ocrx_word' id='word_1_202' title='bbox 932 4197 970 4237; x_wconf 77' lang='lat' dir='ltr'>aa</span> <span class='ocrx_word' id='word_1_203' title='bbox 993 4176 1139 4237; x_wconf 81' lang='lat' dir='ltr'>crumino</span> <span class='ocrx_word' id='word_1_204' title='bbox 1163 4174 1286 4258; x_wconf 75' lang='lat' dir='ltr'>turpior</span> <span class='ocrx_word' id='word_1_205' title='bbox 1309 4171 1350 4235; x_wconf 88' lang='lat' dir='ltr'>A.</span> 
     </span>
     <span class='ocr_line' id='line_1_29' title="bbox 841 4278 1642 4364; baseline -0.004 -20"><span class='ocrx_word' id='word_1_206' title='bbox 841 4305 926 4345; x_wconf 68' lang='lat' dir='ltr'>navic</span> <span class='ocrx_word' id='word_1_207' title='bbox 950 4283 1051 4344; x_wconf 82' lang='lat' dir='ltr'>amico</span> <span class='ocrx_word' id='word_1_208' title='bbox 1076 4280 1254 4344; x_wconf 68' lang='lat' dir='ltr'>bominibus</span> <span class='ocrx_word' id='word_1_209' title='bbox 1278 4280 1406 4343; x_wconf 77' lang='lat' dir='ltr'>domitia</span> <span class='ocrx_word' id='word_1_210' title='bbox 1429 4301 1499 4341; x_wconf 82' lang='lat' dir='ltr'>mea</span> <span class='ocrx_word' id='word_1_211' title='bbox 1522 4300 1592 4364; x_wconf 88' lang='lat' dir='ltr'>sqq.</span> <span class='ocrx_word' id='word_1_212' title='bbox 1605 4278 1642 4341; x_wconf 91' lang='lat' dir='ltr'>P.</span> 
     </span>
    </p>
   </div>
   <div class='ocr_carea' id='block_1_4' title="bbox 842 4402 1912 4701">
    <p class='ocr_par' dir='ltr' id='par_1_4' title="bbox 842 4402 1912 4701">
     <span class='ocr_line' id='line_1_30' title="bbox 843 4402 1911 4490; baseline -0.007 -20"><span class='ocrx_word' id='word_1_213' title='bbox 843 4407 935 4486; x_wconf 77' lang='lat' dir='ltr'>Quae</span> <span class='ocrx_word' id='word_1_214' title='bbox 970 4406 1011 4469; x_wconf 90' lang='lat' dir='ltr'>sit</span> <span class='ocrx_word' id='word_1_215' title='bbox 1044 4407 1206 4490; x_wconf 89' lang='lat' dir='ltr'>scriptura</span> <span class='ocrx_word' id='word_1_216' title='bbox 1236 4405 1381 4489; x_wconf 87' lang='lat' dir='ltr'>genuina</span> <span class='ocrx_word' id='word_1_217' title='bbox 1409 4403 1507 4467; x_wconf 90' lang='lat' dir='ltr'>valde</span> <span class='ocrx_word' id='word_1_218' title='bbox 1540 4402 1731 4486; x_wconf 87' lang='lat' dir='ltr'>ambigitur:</span> <span class='ocrx_word' id='word_1_219' title='bbox 1767 4422 1843 4464; x_wconf 90' lang='lat' dir='ltr'>nam</span> <span class='ocrx_word' id='word_1_220' title='bbox 1874 4408 1911 4463; x_wconf 91' lang='lat' dir='ltr'>ut</span> 
     </span>
     <span class='ocr_line' id='line_1_31' title="bbox 842 4507 1912 4596; baseline -0.008 -18"><span class='ocrx_word' id='word_1_221' title='bbox 842 4514 1004 4578; x_wconf 89' lang='lat' dir='ltr'>sententia</span> <span class='ocrx_word' id='word_1_222' title='bbox 1037 4534 1153 4577; x_wconf 89' lang='lat' dir='ltr'>versus</span> <span class='ocrx_word' id='word_1_223' title='bbox 1191 4513 1268 4576; x_wconf 88' lang='lat' dir='ltr'>satis</span> <span class='ocrx_word' id='word_1_224' title='bbox 1307 4512 1481 4596; x_wconf 86' lang='lat' dir='ltr'>perspicua</span> <span class='ocrx_word' id='word_1_225' title='bbox 1521 4520 1578 4588; x_wconf 84' lang='lat' dir='ltr'>est,</span> <span class='ocrx_word' id='word_1_226' title='bbox 1619 4510 1665 4572; x_wconf 92' lang='lat' dir='ltr'>sic</span> <span class='ocrx_word' id='word_1_227' title='bbox 1701 4507 1801 4572; x_wconf 85' lang='lat' dir='ltr'>verba</span> <span class='ocrx_word' id='word_1_228' title='bbox 1839 4507 1912 4591; x_wconf 89' lang='lat' dir='ltr'>ipsa</span> 
     </span>
     <span class='ocr_line' id='line_1_32' title="bbox 843 4616 1910 4701; baseline -0.005 -19"><span class='ocrx_word' id='word_1_229' title='bbox 843 4643 957 4684; x_wconf 88' lang='lat' dir='ltr'>vereor</span> <span class='ocrx_word' id='word_1_230' title='bbox 991 4642 1032 4683; x_wconf 93' lang='lat' dir='ltr'>ne</span> <span class='ocrx_word' id='word_1_231' title='bbox 1067 4629 1155 4683; x_wconf 88' lang='lat' dir='ltr'>certo</span> <span class='ocrx_word' id='word_1_232' title='bbox 1191 4618 1355 4682; x_wconf 89' lang='lat' dir='ltr'>enucleari</span> <span class='ocrx_word' id='word_1_233' title='bbox 1390 4640 1455 4681; x_wconf 92' lang='lat' dir='ltr'>non</span> <span class='ocrx_word' id='word_1_234' title='bbox 1491 4616 1624 4701; x_wconf 82' lang='lat' dir='ltr'>possint.</span> <span class='ocrx_word' id='word_1_235' title='bbox 1684 4617 1734 4679; x_wconf 84' lang='lat' dir='ltr'>Ac</span> <span class='ocrx_word' id='word_1_236' title='bbox 1770 4616 1910 4699; x_wconf 91' lang='lat' dir='ltr'>primum</span> 
     </span>
    </p>
   </div>
   <div class='ocr_carea' id='block_1_5' title="bbox 813 4806 1912 5064">
    <p class='ocr_par' dir='ltr' id='par_1_5' title="bbox 813 4806 1912 5064">
     <span class='ocr_line' id='line_1_33' title="bbox 931 4806 1912 4879; baseline -0.006 -14"><span class='ocrx_word' id='word_1_237' title='bbox 931 4815 955 4879; x_wconf 73' lang='lat'>¹⁵)</span> <span class='ocrx_word' id='word_1_238' title='bbox 975 4812 1104 4867; x_wconf 86' lang='lat' dir='ltr'>Fortasse</span> <span class='ocrx_word' id='word_1_239' title='bbox 1123 4811 1203 4865; x_wconf 88' lang='lat' dir='ltr'>etiam</span> <span class='ocrx_word' id='word_1_240' title='bbox 1224 4810 1263 4863; x_wconf 90' lang='lat' dir='ltr'>sic</span> <span class='ocrx_word' id='word_1_241' title='bbox 1281 4810 1344 4862; x_wconf 87' lang='lat' dir='ltr'>licet</span> <span class='ocrx_word' id='word_1_242' title='bbox 1358 4808 1523 4875; x_wconf 87' lang='lat' dir='ltr'>ratiocinari,</span> <span class='ocrx_word' id='word_1_243' title='bbox 1543 4813 1572 4861; x_wconf 91' lang='lat' dir='ltr'>ut</span> <span class='ocrx_word' id='word_1_244' title='bbox 1586 4806 1718 4860; x_wconf 86' lang='lat' dir='ltr'>dicamus:</span> <span class='ocrx_word' id='word_1_245' title='bbox 1737 4806 1858 4859; x_wconf 81' lang='lat' dir='ltr'>meditari</span> <span class='ocrx_word' id='word_1_246' title='bbox 1870 4812 1912 4859; x_wconf 87' lang='lat' dir='ltr'>est</span> 
     </span>
     <span class='ocr_line' id='line_1_34' title="bbox 841 4896 1912 4971; baseline -0.008 -16"><span class='ocrx_word' id='word_1_247' title='bbox 841 4919 971 4964; x_wconf 51' lang='lat' dir='ltr'>ene-roera</span> <span class='ocrx_word' id='word_1_248' title='bbox 1001 4919 1081 4971; x_wconf 90' lang='lat' dir='ltr'>quam</span> <span class='ocrx_word' id='word_1_249' title='bbox 1095 4900 1135 4970; x_wconf 22' lang='lat' dir='ltr'>,ob</span> <span class='ocrx_word' id='word_1_250' title='bbox 1154 4918 1218 4964; x_wconf 93' lang='lat' dir='ltr'>rem,</span> <span class='ocrx_word' id='word_1_251' title='bbox 1239 4917 1299 4952; x_wconf 90' lang='lat' dir='ltr'>cum</span> <span class='ocrx_word' id='word_1_252' title='bbox 1319 4897 1425 4950; x_wconf 91' lang='lat' dir='ltr'>dicatur</span> <span class='ocrx_word' id='word_1_253' title='bbox 1443 4913 1561 4950; x_wconf 79' lang='lat' dir='ltr'>exercere</span> <span class='ocrx_word' id='word_1_254' title='bbox 1574 4896 1802 4960; x_wconf 62' lang='lat' dir='ltr'>secuturarum,</span> <span class='ocrx_word' id='word_1_255' title='bbox 1821 4900 1912 4963; x_wconf 89' lang='lat' dir='ltr'>potest</span> 
     </span>
     <span class='ocr_line' id='line_1_35' title="bbox 813 4988 1394 5064; baseline -0.012 -20"><span class='ocrx_word' id='word_1_256' title='bbox 813 5061 814 5064; x_wconf 8' lang='grc' dir='ltr'><strong>Ἴ</strong></span> <span class='ocrx_word' id='word_1_257' title='bbox 843 4992 924 5044; x_wconf 85' lang='lat' dir='ltr'>etiam</span> <span class='ocrx_word' id='word_1_258' title='bbox 944 4990 998 5043; x_wconf 90' lang='lat' dir='ltr'>dici</span> <span class='ocrx_word' id='word_1_259' title='bbox 1020 4990 1138 5042; x_wconf 80' lang='lat' dir='ltr'>meditari</span> <span class='ocrx_word' id='word_1_260' title='bbox 1156 5007 1180 5041; x_wconf 76' lang='lat' dir='ltr'>ee</span> <span class='ocrx_word' id='word_1_261' title='bbox 1199 4988 1236 5041; x_wconf 86' lang='lat' dir='ltr'>ud</span> <span class='ocrx_word' id='word_1_262' title='bbox 1253 5004 1394 5040; x_wconf 73' lang='lat' dir='ltr'>cursurum.</span> 
     </span>
    </p>
   </div>
   <div class='ocr_carea' id='block_1_6' title="bbox 0 0 2761 6484">
    <p class='ocr_par' dir='ltr' id='par_1_6' title="bbox 0 0 2761 6484">
     <span class='ocr_line' id='line_1_36' title="bbox 0 0 2761 6484; baseline 0 0"><span class='ocrx_word' id='word_1_263' title='bbox 0 0 2761 6484; x_wconf 95' lang='lat' dir='ltr'> </span> 
     </span>
    </p>
   </div>
  </div>
 </body>
</html>
