5509 6484
916 2073 1016 2169 Inter
1029 2103 1282 2167 Ambrosianum
1296 2112 1329 2167 et
1340 2101 1508 2166 Palatinos
1524 2102 1579 2187 qui
1596 2110 1758 2166 vocantur
1774 2102 1903 2166 codices

836 2234 920 2297 quae
944 2211 1149 2276 necessitudo
1173 2210 1355 2275 intercedat
1378 2209 1481 2295 probe
1509 2231 1548 2273 ec
1572 2218 1661 2273 certa
1684 2210 1809 2274 ratione
1833 2232 1905 2295 pro·

836 2319 942 2403 posita
976 2318 1140 2403 inquirere
1175 2317 1291 2403 quanti
1326 2317 1482 2380 momenti
1517 2326 1602 2381 esset
1640 2316 1682 2380 ad
1717 2317 1905 2381 tractandas

836 2448 946 2490 omnes
970 2426 1037 2489 fere
1054 2447 1138 2510 quae
1162 2425 1196 2487 in
1219 2424 1348 2488 fabulas
1364 2423 1534 2487 Plautinas
1558 2424 1681 2489 cadunt
1697 2426 1905 2509 quaestiones

836 2534 976 2615 criticas,
1000 2554 1079 2617 prae
1095 2540 1259 2595 vetustate
1283 2530 1464 2594 studiorum
1480 2530 1703 2594 Plautinorum
1729 2532 1792 2595 viri
1816 2532 1905 2596 docti

836 2662 907 2703 sero
931 2647 1145 2723 agnoverunt.
1185 2638 1270 2701 Nam
1287 2638 1347 2701 etsi
1363 2645 1438 2722 post
1453 2637 1667 2701 Ritsehelium
1684 2637 1779 2701 multi
1796 2639 1905 2703 varias

836 2748 974 2812 duarum
997 2749 1222 2812 recensionum
1246 2745 1403 2811 lectiones
1420 2746 1673 2831 perpenderunt,
1698 2769 1763 2833 qua
1780 2747 1906 2811 ratione

836 2854 1023 2939 singulatim
1047 2854 1151 2919 multa
1180 2855 1312 2938 egregia
1335 2854 1369 2917 in
1394 2853 1500 2917 lucem
1530 2846 1656 2939 prolata
1680 2856 1905 2941 imprimisque

836 2963 1006 3026 scientiam
1029 2963 1198 3026 metricam
1222 2970 1321 3047 atque
1337 2959 1573 3046 prosodiacam,
1598 2971 1634 3026 ut
1657 2963 1784 3027 mittam
1802 2964 1905 3026 scien-

836 3071 915 3133 tiam
939 3072 1095 3133 sermonis
1119 3068 1274 3151 Plautini,
1299 3068 1387 3131 haud
1410 3069 1618 3132 mediocriter
1642 3091 1711 3133 esse
1735 3068 1905 3134 dilatatam

836 3199 955 3260 negare
979 3177 1072 3239 nefas
1095 3177 1146 3258 sit,
1175 3185 1217 3258 et,
1250 3175 1338 3260 quod
1360 3176 1479 3239 mirum
1503 3198 1567 3239 non
1592 3186 1650 3257 est,
1686 3176 1743 3239 alii
1767 3176 1906 3240 Ambro-

836 3284 942 3367 siano,
978 3282 1136 3346 Palatinis
1171 3282 1226 3346 alii
1262 3284 1416 3346 maiorem
1450 3282 1549 3346 fidem
1584 3283 1685 3346 tribui
1719 3283 1905 3368 voluerunt,

837 3400 944 3454 temen
970 3413 1008 3453 ea
1031 3391 1102 3475 ipsa
1126 3390 1283 3475 quaestio,
1312 3412 1355 3453 ex
1379 3411 1444 3474 qua
1467 3388 1536 3453 sola
1559 3411 1638 3453 cura
1661 3399 1759 3475 atque
1784 3392 1906 3477 cogita-

836 3498 923 3561 tione
958 3497 1080 3582 aliquid
1117 3498 1187 3561 erui
1220 3506 1337 3582 potest,
1374 3496 1431 3561 diu
1463 3496 1614 3581 neglecta
1648 3498 1763 3562 iacuit:
1799 3518 1906 3583 neque

836 3606 921 3668 enim
945 3606 1116 3691 quisquam
1152 3605 1384 3690 anquisivcrat,
1420 3605 1500 3690 quid
1524 3605 1656 3669 tandem
1692 3605 1905 3669 iudicandum

836 3722 921 3776 esset
944 3712 985 3775 de
1016 3712 1055 3775 iis
1080 3712 1169 3795 locis,
1205 3711 1325 3797 quibus
1349 3711 1379 3775 A
1405 3720 1438 3775 et
1460 3711 1487 3774 P
1511 3712 1596 3775 inter
1630 3735 1664 3775 se
1689 3721 1906 3796 congruentes

836 3819 972 3883 eandem
990 3820 1183 3904 scripturam
1207 3818 1294 3882 haud
1312 3817 1413 3882 dubie
1433 3817 1548 3882 falsam
1565 3819 1718 3882 traditam
1735 3820 1904 3900 exhibent,

836 3935 893 3988 aut
916 3947 1000 4010 quae
1025 3926 1232 3989 coniecturae
1256 3947 1299 3989 ex
1323 3925 1483 3989 eiusmodi
1511 3948 1669 3989 consensu
1693 3926 1831 3990 duarum
1856 3948 1906 3989 re-

836 4033 1025 4095 censionum
1049 4032 1229 4116 capiendae
1254 4040 1370 4096 essent.
1410 4031 1498 4095 Hinc
1522 4032 1645 4117 primus
1666 4033 1832 4118 profectus
1857 4042 1906 4097 est

836 4138 1023 4201 Fridericus
1046 4138 1124 4220 Leo,
1149 4140 1207 4224 qui
1229 4140 1281 4202 vir
1301 4138 1507 4203 doctissimus
1530 4141 1655 4203 ratione
1671 4163 1710 4204 ac
1730 4140 1906 4225 disciplina
1982 4214 1984 4219 ¹

836 4267 913 4308 usus
936 4246 970 4308 in
999 4245 1074 4309 libri
1109 4247 1159 4309 sui
1187 4246 1348 4311 notissimi
1375 4246 1433 4331 qui
1456 4246 1645 4310 inscribitur
1671 4247 1906 4330 „Plautinirebe

835 4351 1078 4437 Forrcltunpen“
1116 4353 1224 4437 capite
1255 4353 1358 4438 primo
1393 4353 1441 4416 ita
1473 4375 1540 4417 rem
1564 4355 1674 4437 gessit,
1709 4364 1746 4419 ut
1770 4376 1905 4419 exorsus

835 4458 877 4522 ab
901 4460 1018 4544 impari
1033 4459 1174 4544 quadem
1198 4460 1231 4523 in
1248 4459 1386 4544 singulis
1406 4459 1527 4523 fabulis
1552 4460 1727 4526 crebritate
1743 4461 1902 4545 hiatuum,

836 4588 916 4652 qnos
940 4566 1072 4652 quidem
1096 4566 1213 4630 ambae
1235 4568 1442 4631 recensiones
1470 4566 1563 4631 nobis
1588 4568 1806 4653 suppeditent,
1843 4578 1905 4633 sta-

835 4682 942 4739 tueret
964 4674 1157 4759 magnisque
1181 4675 1381 4757 argumentis
1405 4674 1632 4759 comprobaret
1656 4675 1784 4740 fabulas
1808 4674 1906 4740 Plau·

836 4782 930 4864 tinas,
954 4790 1126 4867 postquam
1151 4781 1193 4845 ab
1213 4782 1306 4845 initio
1330 4802 1422 4845 suam
1446 4804 1595 4868 quaeque
1619 4783 1802 4847 traditionis
1818 4786 1905 4848 viam

836 4889 970 4971 iniisset,
995 4888 1157 4952 Hadriani
1181 4889 1311 4952 demum
1328 4889 1529 4974 temporibus
1553 4913 1572 4952 a
1595 4892 1807 4974 grammatico
1828 4914 1905 4977 quo·

836 4995 912 5059 dam
936 4996 969 5058 in
993 5016 1093 5059 unum
1118 5017 1235 5081 corpus
1259 5017 1329 5060 esse
1353 4990 1583 5083 coactas,qua
1606 4997 1648 5061 ab
1673 4997 1815 5062 editione
1839 5020 1906 5062 ser-
