5509 6484
1340 1123 1383 1186 33

826 1338 927 1398 Most.
946 1340 1042 1397 1043.
1086 1334 1173 1397 Nam
1197 1357 1268 1398 erae
1290 1357 1338 1398 me
1359 1347 1530 1420 postquam
1552 1358 1608 1399 eae
1631 1338 1718 1400 misit
1738 1348 1773 1400 at
1786 1336 1896 1425 filiam

1162 1464 1252 1506 auom
1275 1464 1465 1506 arcesserem
1488 1440 1558 1507 ΑΡ.

826 1572 942 1638 Sintne
964 1596 999 1638 re
1015 1596 1094 1638 vera
1115 1597 1189 1640 eum
1204 1575 1323 1641 Bothio
1343 1576 1586 1661 transponenda
1601 1576 1705 1641 verba
1725 1578 1895 1659 ,atfile'am‘

827 1679 905 1744 lieet
933 1681 1093 1746 dubitare,
1151 1681 1255 1747 Immo
1291 1683 1537 1748 concedendum
1566 1692 1615 1748 est
1641 1706 1736 1769 posse
1764 1706 1894 1750 versum

827 1789 1034 1852 immutatum
1058 1788 1123 1873 legi
1147 1790 1207 1853 sie:

824 1945 900 1985 nam
917 1927 988 1985 e'rua
1004 1946 1052 1986 me
1065 1929 1234 2008 postquam
1249 1930 1304 1986 φάε
1315 1925 1413 2003 misit,
1430 1925 1587 2006 ulfilie'em
1603 1946 1691 1988 auom
1708 1929 1895 1989 arcesserem

712 2064 718 2074 “
825 2079 901 2120 nam
930 2065 967 2121 ut
996 2068 1045 2120 est
1067 2079 1181 2121 versus
1210 2058 1413 2141 septenarius
1436 2058 1631 2141 troehaieus,
1660 2058 1760 2122 statui
1787 2067 1895 2143 potest

825 2165 925 2228 etiam
955 2186 1091 2228 caesura
1118 2164 1258 2228 iambica
1286 2165 1320 2228 in
1349 2174 1465 2250 quarto
1490 2186 1603 2229 versus
1627 2164 1711 2249 pede
1745 2164 1803 2247 (sa.
1821 2178 1895 2250 post

825 2273 946 2355 anua,
971 2272 1064 2336 auius
1080 2270 1175 2335 verbi
1197 2293 1350 2335 mensura
1373 2272 1445 2356 ipsa
1467 2271 1721 2357 haudquaquam
1742 2281 1894 2357 suspecta
2002 2274 2008 2285 '

824 2387 889 2461 θεῖς
925 2380 967 2443 ef,
985 2378 1080 2464 (lapt.
1097 2380 1133 2443 9:
1161 2380 1312 2443 vendidit.
1338 2378 1436 2463 Epid.
1455 2379 1534 2443 ⁸243:
1564 2380 1673 2444 e'eeae't.
1703 2379 1790 2443 Men.
1811 2379 1893 2444 921:

822 2490 972 2572 percipit,
997 2486 1116 2551 Pseud.
1129 2487 1210 2550 311:
1233 2488 1324 2549 aaa.
1350 2486 1449 2550 Poen.
1465 2484 1566 2551 1059:
1592 2488 1673 2550 emit.
1698 2486 1798 2550 Poen.
1812 2486 1892 2552 260:

824 2595 952 2657 e'aa’de't.
977 2593 1077 2657 Mera.
1098 2593 1176 2657 710:
1201 2588 1304 2674 vidie).
1332 2627 1371 2637 —

914 2776 1003 2836 Rud.
1021 2779 1096 2835 763.
1136 2771 1250 2836 Sintne
1273 2772 1457 2835 necessario
1481 2770 1642 2857 quaedam
1665 2771 1769 2837 verba
1789 2780 1894 2837 trans·

825 2880 985 2965 ponenda,
1014 2879 1046 2943 id
1078 2878 1163 2965 quod
1192 2879 1264 2943 fieri
1292 2879 1476 2964 complures
1505 2880 1568 2942 viri
1596 2879 1684 2943 docti
1708 2880 1892 2965 voluerunt,

823 2988 866 3051 de
890 3010 929 3051 ea
952 3010 997 3070 re,
1022 2995 1059 3051 ut
1083 2989 1205 3072 opinor,
1230 2986 1308 3051 licet
1331 2986 1492 3051 dubitare.
1540 2987 1625 3051 Nam
1649 2989 1710 3051 etsi
1733 2988 1893 3074 producta

824 3094 919 3158 verbi
942 3092 1076 3171 ‚meseia‘
1101 3094 1231 3181 syllaba
1258 3093 1362 3157 altera
1389 3093 1470 3157 mihi
1496 3115 1563 3158 non
1586 3092 1754 3178 probatur,
1783 3103 1892 3160 tamen

825 3200 912 3265 haud
937 3202 1004 3265 scio
1028 3223 1069 3264 an
1093 3223 1207 3266 versus
1231 3201 1277 3265 sie
1302 3200 1460 3285 legendus
1485 3201 1539 3264 sit:

895 3338 960 3398 idm
983 3335 1085 3399 hercle
1107 3336 1166 3399 aba
1187 3332 1358 3398 me'aae'fe'a
1382 3341 1435 3399 o're
1448 3334 1516 3416 fiel
1537 3338 1653 3419 merqia
1671 3338 1819 3421 papam.

825 3469 941 3553 Neque
978 3470 1065 3532 enim
1099 3477 1156 3532 aut
1190 3479 1239 3533 est
1273 3491 1332 3534 our
1367 3468 1559 3533 haereamus
1593 3470 1628 3533 in
1663 3470 1772 3535 littera
1796 3494 1811 3534 s
1833 3494 1893 3557 per

821 3574 1059 3663 synaloepham
1086 3575 1225 3659 sublata,
1261 3577 1415 3662 quoniam
1446 3575 1575 3665 syllaba
1603 3576 1713 3642 brevis
1742 3587 1800 3661 est,
1836 3590 1892 3644 aut

824 3681 981 3747 habemus
998 3705 1057 3748 cur
1071 3684 1273 3748 offendamus
1289 3684 1323 3747 in
1338 3706 1492 3748 mensura
1507 3683 1644 3765 ‚berele'‘,
1670 3685 1792 3771 quippe
1807 3708 1892 3772 quae

821 3790 1033 3855 confirmetur
1056 3813 1130 3855 eum
1153 3791 1225 3855 aliis
1249 3790 1329 3855 locis
1352 3802 1422 3856 tum
1447 3790 1543 3856 Cure.
1562 3791 1642 3856 211:

821 3925 980 4008 siquidem
1007 3925 1109 3987 herele'
1134 3925 1215 3988 milei
1240 3930 1371 4008 re'qnam
1400 3925 1500 4000 de'tar,
1529 3929 1703 4007 numqaum
1729 3927 1766 3988 id
1785 3927 1891 4010 po'tias

1265 4036 1450 4116 pe'raeqaa'r.

880 4218 883 4223 ⁸
913 4138 1025 4204 Aulul.
1043 4139 1101 4202 40:

819 4276 883 4353 eei,
909 4274 1052 4358 inquam,
1077 4294 1134 4357 aye
1156 4275 1220 4335 eei:
1245 4273 1420 4335 meandum
1441 4272 1543 4335 leerele
1562 4272 1622 4336 abi
1640 4272 1713 4335 biae
1730 4273 1888 4355 e'etforda.

823 4407 993 4490 (videlicet
1038 4406 1211 4471 formulam
1249 4406 1476 4471 affirmationis
1515 4428 1643 4491 semper
1681 4404 1890 4492 subsequitur

822 4536 1001 4601 pronomen
1025 4511 1210 4600 personale)
1235 4515 1258 4594 ).

910 4760 936 4828 *)
956 4759 1032 4825 Quae
1051 4777 1111 4813 eum
1131 4759 1169 4812 ita
1187 4758 1249 4826 sint,
1272 4758 1387 4813 fortasse
1411 4757 1520 4812 retineri
1544 4763 1636 4827 potest
1654 4756 1741 4811 forma
1761 4754 1845 4811 Stichi
1864 4777 1888 4810 v.

817 4850 882 4903 474.
901 4848 929 4901 in
947 4848 995 4902 ΑΡ
1013 4847 1122 4916 tradita,
1142 4866 1211 4919 quae
1230 4856 1284 4901 ests

995 4956 1092 5008 labente
1111 4955 1197 5008 leerele‘
1211 4973 1250 5008 me
1263 4953 1358 5023 sa'm‘es.
1379 4984 1411 4992 -
1431 4917 1503 5007 felem
1521 4970 1566 5024 epo
1585 4953 1649 5005 letale
1667 4950 1727 5005 aeid.

886 5056 908 5102 S.
1693 5041 1711 5095 3
