5509 6484
1365 1162 1409 1227 45

852 1340 977 1405 Eadem
1012 1341 1137 1404 ratione
1165 1341 1298 1405 videtur
1325 1340 1491 1405 sanandus
1520 1364 1590 1405 esse
1615 1340 1684 1405 Mil.
1702 1363 1734 1404 v.
1754 1340 1845 1424 842,
1881 1341 1922 1405 de

851 1469 917 1532 qua
939 1469 974 1511 re
998 1447 1155 1529 cogitavit
1178 1448 1243 1511 iam
1267 1447 1483 1512 Ribbeckiua
1508 1482 1552 1491 --

940 1611 1040 1673 Most.
1058 1614 1133 1672 854.
1170 1608 1311 1672 Versum
1336 1630 1406 1672 esse
1430 1609 1658 1693 confragosum
1682 1608 1744 1672 etsi
1768 1607 1921 1691 concedo,

851 1727 957 1779 tamen
993 1717 1130 1780 fortasse
1159 1717 1344 1780 cavendum
1372 1726 1435 1800 est,
1471 1739 1513 1781 ne
1541 1717 1725 1802 praefracte
1752 1716 1920 1780 reiciatur:

850 1846 926 1888 nam
961 1824 1039 1909 quid
1074 1825 1107 1887 in
1136 1823 1168 1887 A
1198 1824 1377 1907 exstiterit,
1413 1825 1567 1909 quoniam
1601 1823 1761 1909 plurimae
1793 1822 1921 1887 litterae

850 1939 1064 2013 evanuerunt,
1097 1941 1186 1995 certo
1211 1931 1376 2016 explorari
1400 1954 1464 1995 non
1488 1941 1596 2016 potest
1620 1931 1770 2009 (fortasse
1793 1928 1920 2011 ,irtaac‘

850 2047 883 2102 et
910 2034 1121 2120 ,abducunt‘)‚
1156 2038 1284 2102 etiamsi
1319 2039 1381 2103 hoc
1416 2038 1548 2124 quidem
1577 2039 1655 2103 satis
1683 2047 1832 2123 apertum
1861 2046 1919 2120 est,

849 2142 993 2230 ,aliqra’r‘
1018 2145 1064 2208 ibi
1087 2167 1153 2209 nou
1177 2146 1351 2210 exstitisse.

939 2250 1158 2336 Confragosus
1183 2261 1232 2316 cst
1256 2253 1356 2316 ctiam
1380 2252 1525 2317 eiusdem
1549 2252 1680 2316 fabulae
1696 2274 1728 2315 v.
1746 2251 1838 2331 9333
1862 2250 1919 2315 sed

848 2381 926 2424 num
947 2360 1128 2423 necessario
1146 2360 1356 2445 temptandus
1373 2360 1414 2424 sit
1430 2360 1566 2424 fortasse
1581 2369 1688 2445 potest
1705 2358 1857 2423 dubitari.
1875 2394 1919 2401 —

936 2521 1033 2584 Pera.
1057 2526 1156 2598 1.sq.
1207 2520 1255 2583 Hi
1291 2519 1355 2583 duo
1391 2542 1520 2600 versuo,
1557 2520 1709 2605 quoniam
1744 2541 1795 2582 res
1822 2519 1919 2582 nimis

848 2625 949 2690 dubia
983 2636 1033 2690 est
1058 2662 1099 2671 -
1124 2649 1201 2690 nam
1235 2636 1272 2691 ut
1307 2649 1420 2691 sensus
1448 2628 1575 2711 integer
1602 2636 1665 2709 est,
1701 2627 1749 2690 sic
1779 2635 1918 2690 metrum

847 2732 973 2797 turbari
997 2734 1129 2799 videtur
1152 2769 1196 2777 —
1219 2734 1314 2798 nobis
1337 2735 1371 2797 in
1395 2734 1502 2799 medio
1527 2733 1732 2820 relinquendi
1757 2743 1842 2797 sunt.
1874 2768 1919 2775 -

937 2897 1037 2959 Most.
1054 2900 1129 2957 ool.
1174 2894 1321 2957 Maxime
1349 2916 1427 2959 vero
1456 2903 1506 2958 est
1533 2894 1619 2979 quod
1643 2894 1852 2979 desperemus
1877 2892 1917 2957 de

846 3000 941 3064 Most.
960 3022 992 3064 v.
1011 3001 1098 3081 961„
1123 3001 1181 3065 ubi
1204 2999 1341 3076 ,ducere‘
1366 3010 1554 3087 suspectum
1579 3011 1637 3084 est,
1662 3022 1760 3086 quam
1783 3001 1825 3064 ob
1848 3022 1917 3064 rem

846 3106 1043 3171 Ritschelius
1068 3108 1213 3193 reposuit
1236 3106 1405 3191 ,eorrdoci‘.
1452 3108 1524 3191 Ego
1548 3108 1680 3193 quidem
1703 3108 1765 3171 hec
1789 3116 1916 3171 tantum

845 3237 970 3298 moneo,
995 3215 1077 3279 nihil
1101 3238 1171 3280 esse
1195 3237 1254 3279 cur
1277 3215 1468 3280 haereamus
1492 3218 1525 3280 in
1550 3216 1711 3280 infinitivo
1735 3215 1837 3279 activi
1857 3237 1916 3300 per

845 3344 879 3385 se
902 3323 1020 3407 ipsum.
1072 3322 1176 3387 Immo
1200 3322 1253 3387 hic
1276 3324 1346 3408 ipse
1375 3325 1496 3409 optime
1521 3324 1675 3387 convenit
1702 3344 1777 3387 cum
1805 3322 1916 3387 verbis

844 3430 1018 3510 ,fidiciaaa
1055 3428 1225 3493 tibicinaa‘.
1277 3430 1420 3495 Accedit
1454 3430 1540 3516 quod
1576 3431 1695 3494 formas
1729 3430 1854 3494 activas
1883 3439 1914 3494 et

844 3537 992 3621 passivas
1015 3537 1134 3601 mirum
1157 3538 1191 3600 in
1215 3538 1349 3601 modum
1368 3539 1454 3602 iuter
1474 3561 1508 3601 se
1529 3533 1763 3616 commixtas*)
1781 3559 1851 3601 esse
1872 3560 1914 3601 ex

844 3643 883 3706 iis
911 3665 995 3729 quae
1024 3644 1227 3729 praecedunt
1256 3647 1333 3710 satis
1362 3644 1579 3730 intellegitur:
1608 3666 1806 3731 quamquam
1830 3668 1914 3730 ,per-

841 3748 1001 3834 praecari‘
1037 3752 1169 3836 quidem
1204 3763 1314 3817 utrum
1349 3753 1460 3816 activa
1494 3775 1536 3816 an
1571 3754 1703 3838 passiva
1737 3752 1841 3816 forma
1873 3752 1915 3816 sit

843 3858 1017 3924 diiudicari
1034 3861 1094 3924 vix
1111 3870 1227 3945 potest.
1266 3862 1352 3925 Nam
1369 3863 1430 3925 etsi
1445 3860 1638 3946 plerumque
1655 3859 1743 3945 apud
1759 3858 1913 3923 Plautum

843 3967 1026 4031 invenimus
1061 3967 1198 4031 formam
1234 3967 1463 4052 ‚perpraecara'‘
1498 3966 1603 4046 (velut
1632 3968 1727 4030 Most.
1745 3966 1803 4046 223
1833 3961 1911 4048 64),

842 4083 952 4138 tamen
968 4075 1089 4138 Bacch.
1109 4076 1183 4139 743.
1202 4099 1244 4139 ex
1261 4076 1411 4140 codicum
1428 4075 1590 4160 scriptura
1606 4074 1723 4139 leviter
1738 4074 1913 4138 obscurata

841 4190 931 4244 recte
967 4183 1163 4246 extricatum
1198 4194 1248 4247 est
1283 4180 1518 4268 ,conpraecem‘.
1571 4182 1616 4246 Et
1649 4181 1795 4267 profecto
1828 4181 1913 4244 inter

841 4310 953 4352 omnes
991 4298 1133 4371 constat,
1174 4311 1273 4374 quam
1306 4288 1371 4353 late
1407 4288 1495 4374 apud
1528 4288 1682 4353 Plautum
1715 4297 1827 4373 pateat
1855 4287 1910 4351 ille

841 4417 932 4478 usuc,
961 4416 1025 4480 quo
1053 4396 1158 4460 forma
1185 4397 1296 4460 activa
1323 4418 1382 4481 pro
1411 4395 1587 4481 deponenti
1610 4405 1795 4480 usurpatur.
1844 4394 1909 4459 Sed

840 4502 921 4566 haec
944 4503 1112 4567 hactenus.
1139 4538 1179 4546 -

928 4749 952 4815 *)
972 4747 1005 4801 cf.
1019 4747 1078 4801 Ter.
1092 4747 1160 4801 Eun.
1174 4747 1242 4818 prol.
1254 4748 1370 4802 36-40.
