5509 6484
1365 1136 1408 1199 48

850 1313 894 1392 (et
909 1316 956 1376 id:
983 1318 1037 1375 aot
1052 1316 1157 1378 rorico:
1182 1313 1250 1377 und
1266 1313 1383 1392 awar):
1409 1336 1583 1399 quaecum
1605 1315 1652 1378 itu
1668 1315 1742 1398 sint,
1767 1314 1922 1379 facillime

852 1420 1059 1505 perspicitur,
1084 1421 1141 1506 qui
1157 1420 1281 1485 factum
1304 1422 1347 1485 sit
1361 1430 1398 1486 ut
1422 1421 1583 1507 quaedam
1599 1421 1702 1485 verba
1718 1422 1919 1486 exciderent.

851 1579 921 1644 Mil.
946 1587 1022 1644 488.
1063 1616 1104 1624 -
1130 1616 1171 1625 -
1195 1582 1402 1645 ateanazebia
1422 1585 1524 1646 invita
1541 1579 1687 1664 (tacitam
1703 1582 1747 1661 A)
1764 1583 1921 1667 hospitata

958 1806 1126 1858 tractatam
1157 1808 1185 1859 et
1209 1796 1414 1879 ludificatam,
1444 1799 1616 1881 iaqeaaara
1639 1810 1668 1860 et
1695 1796 1827 1860 liberam
1850 1795 1920 1860 AP.

851 1919 953 1983 Recte
977 1922 1024 2000 ,ia
1039 1918 1106 1983 aia‘
1126 1920 1271 2005 reposuit
1287 1920 1502 2004 Camerarius,
1529 1922 1682 2007 quoniam
1698 1920 1779 1985 illud
1797 1917 1920 2001 ‚iavita‘

851 2026 920 2105 (vel
943 2025 1112 2108 ,invitanr‘)
1136 2027 1220 2091 male
1238 2029 1392 2093 convenit
1415 2050 1490 2093 cum
1511 2028 1612 2092 verbo
1637 2028 1809 2111 tractandi,
1834 2029 1921 2114 quod

849 2134 1125 2219 quemadmodum
1149 2135 1191 2198 sit
1214 2135 1442 2220 accipiendum
1458 2134 1660 2219 intellegitur
1683 2159 1701 2199 e
1724 2135 1920 2201 versutio:

850 2251 901 2305 est
925 2242 1012 2304 enim
1046 2240 1185 2305 verbum
1213 2229 1413 2306 intensivum
1448 2266 1467 2306 a
1502 2242 1643 2328 simplici
1667 2242 1811 2323 ‚tradere‘
1836 2243 1922 2307 deri·

751 2410 754 2415 .
851 2361 966 2412 vatum
1002 2359 1035 2411 et
1058 2349 1223 2433 propriam
1247 2349 1314 2412 vim
1343 2349 1454 2433 habet,
1489 2361 1647 2435 quaeest
1682 2350 1735 2414 hin
1761 2350 1828 2414 und
1863 2350 1922 2414 her

849 2478 973 2521 zerren.
1035 2455 1104 2519 Vix
1140 2466 1250 2520 autem
1285 2478 1360 2521 cum
1395 2456 1454 2520 tali
1489 2456 1590 2521 verbo
1626 2458 1780 2541 coniungi
1815 2467 1922 2541 potest

852 2560 1019 2642 ,iavr'tam‘.
1078 2563 1132 2626 An
1157 2574 1310 2648 putamus
1333 2564 1405 2628 fieri
1433 2565 1570 2628 fortasse
1594 2565 1748 2649 potuisse,
1784 2578 1821 2628 ut
1844 2564 1921 2628 Phi-

850 2671 1061 2734 locomasium
1096 2693 1131 2734 se
1160 2671 1294 2734 tractari
1329 2683 1362 2734 et
1390 2670 1552 2736 ludificari
1587 2671 1684 2735 facile
1717 2671 1921 2757 libenterque

851 2778 1040 2863 pateretur?
1098 2777 1249 2841 Profecto
1273 2778 1352 2842 mihi
1388 2779 1520 2863 quidem
1545 2778 1609 2843 tale
1641 2778 1765 2864 aliquid
1789 2779 1921 2843 videtur

851 2907 952 2971 prope
976 2884 1163 2949 absurdum.
1224 2884 1346 2949 Contra
1370 2886 1573 2971 aptissimum
1609 2895 1658 2951 est
1681 2886 1763 2951 illud
1787 2890 1833 2968 ,ia
1856 2883 1920 2950 oia‘

850 2993 926 3071 (auf
946 2993 1068 3057 offener
1083 2988 1222 3077 Strasse),
1247 3016 1311 3079 quo
1335 2994 1477 3079 reposito
1501 3016 1610 3058 rerum
1634 2995 1738 3058 tenori
1761 2994 1921 3078 ingeritur

849 3099 999 3185 gradatio
1024 3099 1250 3164 efficacissima
1285 3110 1318 3165 et
1341 3101 1429 3187 quod
1464 3101 1543 3165 mihi
1579 3101 1710 3165 videtur
1744 3102 1920 3165 sustentari

849 3216 909 3272 aut
937 3207 1158 3273 commendari
1193 3207 1303 3272 verbis
1336 3222 1421 3290 ,uate
1444 3211 1531 3272 aedis
1554 3205 1652 3271 areas‘
1687 3205 1733 3289 (v.
1759 3208 1849 3287 510.)
1885 3210 1919 3271 in

849 3316 964 3379 eodem
987 3337 1096 3379 rerum
1125 3324 1281 3380 contextu
1308 3316 1432 3401 positis.
1491 3316 1563 3380 Hoc
1593 3316 1676 3397 dioc,
1711 3316 1864 3401 quoniam
1888 3324 1920 3379 et

852 3422 919 3486 Leo
944 3432 976 3486 et
998 3422 1173 3486 Lindsaius
1210 3423 1331 3487 codicis
1354 3424 1505 3509 rescripti
1539 3424 1713 3488 lectionem
1748 3423 1817 3486 sine
1852 3422 1919 3486 ulla

848 3529 1054 3593 dubitatione
1078 3529 1290 3593 retinuerunt.
1321 3530 1425 3594 Immo
1443 3529 1555 3593 ambas
1575 3530 1779 3594 recensiones
1799 3529 1919 3593 frustra

850 3658 921 3700 esse
945 3657 1110 3699 assevero:
1135 3635 1292 3713 ,iavitum‘
1316 3658 1405 3717 vero,
1430 3636 1518 3721 quod
1542 3636 1679 3721 praebet
1694 3635 1736 3718 A,
1761 3637 1918 3721 scriptum

850 3753 900 3808 est
922 3742 1005 3807 falsa
1026 3765 1160 3807 casuum
1183 3742 1407 3826 similitudine,
1436 3764 1638 3828 quaequam
1660 3742 1756 3827 longe
1777 3744 1811 3806 in
1827 3742 1918 3807 libris

850 3861 978 3936 pateret
1013 3861 1045 3914 et
1068 3873 1166 3936 quam
1190 3850 1284 3914 nihili
1318 3851 1522 3915 aestimanda
1550 3860 1634 3915 esset
1669 3849 1732 3914 alio
1756 3850 1826 3914 loco
1863 3873 1918 3914 ex·

850 3958 983 4044 plicavi,
1008 3993 1052 4000 —

849 4124 957 4185 Stich.
981 4126 1035 4183 44.
1082 4122 1152 4202 ,etsi
1172 4120 1224 4182 illi
1245 4120 1387 4204 improbi
1408 4123 1471 4183 aiat
1494 4132 1588 4203 atque
1612 4119 1705 4181 aliter

1085 4248 1142 4289 aaa
1156 4226 1290 4317 faciant
1312 4248 1408 4310 qaam
1432 4222 1604 4310 aequomat‘
1627 4246 1696 4310 sqq.
1722 4224 1791 4287 ΑΡ.

848 4350 929 4426 ,aos‘
954 4372 1069 4415 vereor
1091 4373 1132 4413 ne
1156 4372 1221 4414 non
1244 4359 1333 4414 recto
1356 4351 1514 4435 scriptum
1538 4351 1593 4431 sitq
1623 4351 1721 4413 immo
1745 4357 1917 4432 exspectas

848 4468 907 4522 aut
940 4452 1088 4537 ‚nobis‘*)
1123 4467 1180 4521 aut
1210 4459 1257 4530 ,ia
1283 4455 1353 4520 aoo‘
1383 4457 1438 4535 (cf.
1465 4456 1583 4542 Amph.
1611 4456 1684 4520 184.
1722 4455 1814 4518 Asin.
1840 4454 1915 4517 613.

848 4564 923 4630 Cas.
949 4564 1024 4628 628.
1050 4563 1116 4646 al),
1153 4575 1381 4649 praeterquam
1416 4563 1504 4649 quod
1527 4562 1666 4627 verbum
1701 4559 1853 4641 faciendi,
1889 4560 1917 4624 si

849 4671 981 4756 quidem
1008 4670 1122 4735 eadem
1157 4692 1241 4755 quae
1265 4672 1350 4734 inest
1385 4671 1418 4734 in
1453 4670 1555 4735 verbo
1590 4668 1784 4734 aestimandi
1819 4667 1916 4749 signi-

849 4780 958 4843 ficatio
983 4779 1012 4842 ei
1029 4779 1202 4861 tribuatur,
1227 4780 1369 4863 possitne
1387 4779 1540 4863 coniungi
1557 4800 1631 4842 cum
1648 4775 1804 4841 adverbio
1820 4773 1916 4837 nimis

938 4971 964 5040 *)
984 4969 1028 5025 Sic
1047 4970 1102 5024 Leo
1123 4989 1184 5047 cum
1204 4969 1315 5025 Guieto.
