5509 6484
1342 1184 1382 1246 41

830 1383 926 1445 quem
950 1360 1020 1445 ipse
1045 1360 1155 1425 attulit
1178 1369 1212 1424 et
1234 1361 1267 1424 in
1288 1382 1351 1446 qno
1368 1362 1642 1445 praepositionem
1659 1355 1701 1444 ‚a‘
1718 1360 1827 1425 delere
1845 1360 1902 1424 ali·¹

831 1477 1000 1553 quantum,
1025 1476 1062 1533 ut
1085 1469 1210 1554 opinor,
1234 1468 1449 1532 dubitationis
1474 1468 1582 1533 habet.
1630 1467 1742 1548 Quid?
1777 1479 1901 1551 ,posta-

831 1572 908 1638 lare‘
937 1597 1012 1639 oum
1044 1573 1100 1639 illa
1134 1576 1376 1660 praepositione
1412 1575 1566 1660 coniungi
1600 1576 1717 1661 potuit,
1753 1569 1903 1659 ‚posceru‘

830 1705 894 1747 non
918 1682 1048 1767 potuit?
1086 1682 1203 1747 Nonne
1226 1682 1288 1747 hoe
1309 1704 1440 1769 quoque
1461 1691 1603 1747 statuere
1617 1682 1781 1769 quaedam
1798 1681 1902 1746 libido

831 1790 902 1854 est?
947 1790 1051 1854 Immo
1075 1789 1286 1855 Ambrosiani
1309 1791 1489 1876 scriptura:

934 1917 1020 2000 ‚plus
1041 1917 1192 2002 pollicere
1215 1940 1312 2002 qaam
1335 1917 1392 1980 aba
1416 1930 1444 1981 te
1465 1940 1561 2002 poseo
1586 1929 1642 1981 aut
1663 1915 1802 2003 postulo‘

831 2023 887 2087 Du
907 2024 1108 2108 verspriehst
1123 2024 1224 2107 mehr,
1249 2024 1297 2089 als
1318 2025 1372 2089 ioh
1396 2046 1461 2089 von
1478 2025 1541 2088 Dir
1564 2024 1692 2089 fordere
1716 2023 1794 2087 oder
1818 2023 1902 2088 aueh

1254 2154 1317 2196 nur
1341 2132 1484 2215 begehre

830 2254 919 2318 haud
943 2255 1056 2339 inepta
1078 2256 1159 2319 mihi
1181 2255 1323 2321 videtur.
1370 2257 1444 2320 Non
1468 2265 1590 2320 temere
1618 2256 1719 2340 igitur
1746 2264 1904 2339 usurpata

832 2384 902 2426 esse
930 2384 1089 2446 ponamus
1117 2385 1312 2451 synonyma,
1349 2385 1486 2449 quorum
1522 2362 1603 2428 iilud
1639 2363 1804 2445 maiorem,
1841 2361 1904 2426 hoe

830 2469 987 2532 minorem
1011 2469 1079 2533 vim
1107 2469 1217 2533 habet.
1265 2469 1392 2534 Eodem
1422 2471 1490 2534 fere
1519 2470 1614 2535 modo
1643 2470 1684 2534 de
1713 2470 1775 2533 hoe
1804 2491 1902 2533 versu

832 2575 990 2639 iudicavit
1013 2576 1246 2663 Niemeyerus,
1282 2578 1339 2663 qui
1363 2576 1640 2661 elegantissimum
1666 2600 1736 2642 esse
1761 2576 1902 2641 Ambro-

833 2684 916 2747 siani
939 2704 1070 2748 versum
1094 2683 1180 2748 dixit
1203 2680 1249 2769 (p.
1269 2683 1345 2763 12).
1374 2720 1411 2728 —

831 2847 921 2908 Rud.
935 2850 1010 2907 521.
1032 2842 1118 2929 ‚Epo
1133 2844 1232 2908 multo
1248 2857 1336 2909 tanta
1352 2847 1499 2909 miserior
1515 2866 1610 2929 quam
1626 2857 1669 2927 ta,
1687 2844 1831 2908 Lubrar‘
1845 2843 1904 2908 ΑΡ

831 2968 925 3033 idem
948 2969 1010 3033 hoe
1033 2991 1201 3034 recurrere
1224 2969 1326 3035 Stieh.
1341 2970 1417 3034 339.
1437 2969 1546 3048 (multo
1571 2981 1660 3033 tanta
1679 2969 1756 3055 plus
1773 2967 1846 3046 ΑΡ)
1871 2978 1905 3033 et

832 3076 919 3140 Men.
939 3076 1015 3140 800.
1045 3072 1155 3159 (multo
1180 3089 1266 3141 tanta
1294 3126 1300 3140 .
1327 3099 1333 3139 ·.
1361 3125 1367 3141 .
1395 3126 1401 3141 .
1427 3077 1565 3161 amplius
1589 3077 1616 3140 P
1632 3112 1672 3121 —
1686 3075 1716 3140 A
1729 3099 1760 3140 n.
1774 3073 1811 3157 l.)
1835 3077 1904 3141 Leo

831 3193 919 3247 reete
943 3184 1069 3248 monuit
1078 3180 1121 3264 ³¹⁸).
1158 3183 1251 3262 Quae
1275 3206 1349 3248 eum
1372 3184 1420 3247 ita
1442 3184 1517 3266 sint,
1542 3206 1606 3247 non
1630 3185 1685 3267 agi
1708 3183 1750 3247 de
1772 3205 1903 3269 eorrup-

832 3290 898 3354 tela
914 3298 1080 3376 tamquam
1096 3291 1262 3355 cotidiana
1281 3314 1389 3377 neque
1406 3292 1506 3375 digna
1522 3293 1615 3356 euius
1631 3292 1714 3355 ratio
1730 3291 1903 3374 habeatur,

832 3421 946 3462 verum
971 3398 1096 3484 aliquid
1124 3399 1172 3462 rei
1200 3399 1235 3462 in
1265 3399 1325 3463 hae
1350 3400 1512 3484 scriptura
1536 3398 1638 3463 latere
1661 3398 1767 3462 Leoni
1790 3400 1904 3484 utique

833 3506 991 3570 assentior
1014 3515 1046 3569 et
1070 3505 1103 3569 id
1127 3504 1259 3591 quidem
1283 3528 1347 3570 non
1372 3515 1439 3570 tam
1461 3514 1594 3591 propter
1609 3506 1717 3591 ipsum
1732 3528 1905 3570 numerum

833 3635 931 3698 quam
954 3622 1089 3698 propter
1111 3622 1262 3677 naturam
1286 3622 1319 3677 et
1341 3613 1566 3678 condicionem
1594 3614 1710 3678 harum
1740 3623 1905 3699 corrupte-

833 3721 938 3785 larum
961 3743 1046 3807 quae
1074 3721 1289 3806 perhibentur
1315 3755 1352 3765 —
1380 3730 1428 3785 est
1457 3722 1543 3786 enim
1572 3744 1705 3786 neeesse
1733 3722 1904 3809 nobiseum

833 3827 1091 3911 contemplemur
1125 3829 1223 3892 etiam
1258 3837 1449 3893 eontextum
1478 3827 1668 3892 verborum:
1706 3850 1905 3914 quamquam

834 3934 913 4019 quid
938 3933 1069 3997 tandem
1092 3936 1141 3998 rei
1164 3936 1216 4017 sit,
1241 3957 1302 4019 ego
1322 3957 1387 3998 non
1403 3935 1509 4019 magis
1526 3935 1705 4019 explanare
1722 3936 1789 4000 seio
1806 3957 1905 4021 quam

834 4040 1026 4123 Sehoellius,
1051 4043 1107 4127 qui
1130 4065 1195 4108 non
1220 4051 1342 4107 temere
1366 4050 1478 4107 eenset
1501 4042 1706 4106 retinendam
1727 4064 1797 4105 esse
1820 4042 1905 4106 hane

832 4148 970 4215 formam
987 4158 1019 4213 et
1035 4150 1245 4234 cogitandum
1270 4150 1311 4214 de
1327 4150 1490 4214 locutione
1508 4173 1550 4214 ex
1567 4151 1693 4214 ratione
1709 4150 1904 4214 numerandi

833 4258 974 4342 repetita
991 4256 1119 4335 (Goetz.
1142 4257 1281 4322 Schoell.
1304 4258 1355 4322 ed.
1377 4259 1455 4322 min.
1477 4258 1555 4322 fase.
1569 4257 1628 4321 VI.
1651 4256 1753 4343 praef.
1775 4279 1807 4341 p.
1827 4256 1904 4334 10.).

836 4363 988 4428 Ceterum
1006 4364 1126 4428 Baooh.
1141 4365 1216 4429 310.
1235 4364 1345 4442 (multo
1361 4378 1449 4429 tanto
1467 4368 1574 4430 carior
1589 4366 1664 4428 P—
1675 4366 1706 4429 Α
1719 4387 1750 4428 n.
1765 4363 1799 4441 l.)
1817 4363 1905 4428 haud

834 4472 901 4535 seio
925 4493 965 4533 an
990 4470 1142 4535 librarius
1168 4472 1201 4534 in
1229 4480 1382 4557 promptu
1411 4471 1564 4537 habuerit
1587 4467 1707 4553 ,tanta‘,
1739 4471 1906 4555 scripserit

835 4587 944 4641 autem
973 4576 1096 4658 ‚toat0‘‚
1131 4599 1205 4642 eum
1233 4578 1303 4642 eius
1332 4577 1418 4643 oeuli
1449 4579 1631 4643 aberrarint
1659 4578 1699 4642 ad
1729 4578 1816 4642 idem
1844 4577 1905 4641 hoe

834 4685 971 4749 verbum
996 4686 1030 4748 in
1054 4708 1152 4750 versu
1175 4686 1359 4771 insequenti
1385 4687 1553 4771 seriptum.
1580 4720 1622 4729 -

923 4927 948 4996 ⁸)
967 4928 1038 4981 Men.
1052 4927 1122 4993 680„
1143 4927 1188 4980 ubi
1209 4927 1315 4981 codices
1335 4927 1405 4981 inter
1424 4946 1452 4981 se
1472 4927 1612 4995 dissident,
1631 4926 1776 4981 Lindsaius
1796 4946 1855 4980 eum
1871 4928 1904 4980 B¹

835 5018 861 5069 in
883 5024 958 5070 textu
977 5016 1068 5087 posuit
1087 5018 1191 5082 ,taata‘3
1214 5015 1248 5069 ef.
1266 5016 1347 5069 etiam
1367 5034 1436 5086 quae
1456 5015 1604 5070 adnotavit.
