5509 6484
1352 1194 1393 1257 l'l

840 1411 912 1473 Cas.
934 1413 1009 1471 821.
1056 1420 1111 1471 tua
1145 1430 1207 1471 con
1240 1420 1365 1493 cuperet
1400 1421 1549 1492 tuumque
1582 1409 1768 1492 imperinm:
1802 1410 1854 1470 cir
1884 1419 1911 1470 te

1108 1517 1231 1594 vestiat,
1256 1527 1289 1578 tn
1313 1516 1418 1577 virum
1441 1514 1596 1599 despolier
1619 1512 1652 1577 A

839 1650 965 1725 eriperet
998 1651 1148 1723 tuumque
1181 1641 1367 1725 imperinm:
1406 1636 1554 1716 oir(tn)te
1585 1640 1710 1721 vernat,
1746 1650 1781 1703 tn
1807 1640 1912 1702 cinam

1120 1748 1276 1833 despolier
1298 1746 1325 1810 P
1349 1746 1437 1832 (post
1460 1744 1635 1824 lacunam).

930 1868 1142 1935 Ambrosiani
1177 1893 1291 1936 versus
1323 1872 1371 1935 ita
1406 1879 1613 1956 comparatus
1648 1879 1711 1954 est,
1747 1878 1784 1935 ut
1819 1869 1911 1934 salva

840 1978 1003 2041 sententia
1025 2000 1067 2042 ne
1087 2000 1152 2043 uno
1174 1978 1307 2064 quidem
1326 1977 1429 2043 verbo
1446 1980 1550 2042 careri
1565 1980 1684 2064 possit:
1709 2000 1785 2042 nam
1800 1978 1911 2063 inepte

841 2094 898 2149 aut
904 2081 1000 2170 ‚-qne‘
1016 2083 1153 2164 aut‚cin‘
1169 2084 1272 2151 deleri
1288 2085 1394 2151 voluit
1406 2085 1595 2169 Muellerus
1612 2086 1755 2171 ineptius
1768 2107 1846 2149 vero
1853 2087 1912 2166 ‚tn‘

842 2192 1018 2257 Lindsaius
1041 2193 1137 2257 metri
1160 2216 1269 2277 causa,
1293 2202 1331 2257 ut
1353 2193 1400 2257 ait
1423 2194 1494 2278 ipse
1518 2194 1552 2256 in
1576 2192 1795 2257 adnotatione.
1837 2191 1912 2255 Hae

843 2322 886 2363 ex
903 2322 939 2363 re
956 2300 1035 2364 satis
1050 2299 1198 2385 intellegi
1209 2309 1325 2386 potest,
1343 2321 1524 2385 quousque
1541 2299 1662 2365 evadat
1677 2300 1760 2365 ratio
1772 2299 1911 2382 illorum,

771 2397 773 2399 ’
842 2407 899 2493 qui
922 2407 1031 2471 omnia
1053 2429 1118 2472 non
1142 2408 1184 2472 ad
1208 2409 1414 2490 sententiam,
1433 2406 1497 2497 ‘sed
1521 2406 1563 2471 ad
1583 2417 1723 2472 metrum
1739 2406 1912 2471 referenda

842 2536 913 2579 esse
944 2524 1087 2579 censent.
1135 2515 1239 2578 Immo
1266 2536 1345 2578 vero
1372 2536 1481 2578 rerum
1509 2536 1548 2578 ac
1576 2515 1811 2579 sententiarum
1838 2536 1912 2578 con·

842 2629 972 2686 textum
999 2623 1105 2706 magis
1132 2621 1348 2708 spectandum
1375 2643 1446 2686 esse
1471 2644 1568 2707 quam
1593 2630 1732 2687 metrum
1757 2621 1912 2686 hocloco

842 2751 907 2793 non
928 2730 1022 2793 mitto
1043 2752 1142 2815 quam
1162 2729 1446 2793 vehementissime
1468 2751 1599 2815 possum
1616 2751 1758 2794 monere.
1797 2729 1912 2815 Neque

843 2836 925 2901 adeo
959 2858 1040 2921 opus
1074 2846 1124 2900 est
1152 2836 1348 2922 quibusdam
1378 2836 1490 2900 verbis
1519 2837 1653 2901 mutatis
1684 2847 1717 2901 et
1746 2846 1913 2922 tamquam

843 2944 932 3008 eseia
964 2942 1112 3027 edolatis,
1146 2966 1245 3030 quam
1277 2945 1365 3007 viam
1398 2945 1537 3029 ingressi
1565 2943 1621 3008 alii
1648 2946 1767 3030 partim
1795 2945 1913 3029 impro-

842 3049 967 3115 babilia
982 3052 1101 3137 partim
1113 3051 1278 3115 mirabilia
1290 3052 1530 3133 excogitarunt.
1560 3052 1664 3116 Immo
1676 3052 1761 3116 sicut
1773 3049 1913 3116 traditus

844 3167 893 3223 est
915 3181 1030 3223 versus
1054 3159 1168 3244 utique
1191 3158 1381 3224 retinendus
1405 3169 1500 3243 esset,
1527 3159 1653 3224 etiamsi
1669 3168 1809 3223 metrum
1824 3158 1912 3222 haud

843 3264 1023 3330 mediocres
1034 3266 1244 3331 difficultates
1257 3276 1397 3349 crearet3
1419 3289 1506 3331 nunc
1523 3276 1633 3331 autem
1645 3266 1770 3331 nullam
1782 3265 1912 3330 omnino

844 3372 1073 3438 difficultatem
1101 3383 1205 3458 creat,
1236 3396 1312 3437 nam
1336 3373 1530 3438 statuendus
1554 3383 1604 3438 est
1626 3381 1815 3437 tetrameter
1837 3394 1914 3436 ana·
2029 3395 2031 3400 ·

844 3481 1008 3566 paesticus
1015 3480 1311 3567 hypercatalectus,
1323 3480 1436 3568 quales
1445 3502 1560 3546 versus
1568 3488 1708 3545 metrum
1716 3479 1914 3545 excedentes

844 3611 864 3652 a
887 3587 1004 3653 Plauto
1034 3611 1100 3653 non
1128 3597 1204 3653 sunt
1227 3587 1453 3654 abiudicandi:
1489 3590 1531 3653 cf.
1549 3588 1667 3653 Pseud.
1686 3588 1761 3652 602.
1780 3584 1912 3672 [Amph.

848 3693 955 3776 1062]
969 3696 1054 3760 Rud.
1064 3696 1151 3778 928„
1164 3696 1386 3761 verisimiliter
1395 3698 1494 3761 etiam
1503 3696 1623 3761 Pseud.
1633 3696 1705 3760 178.
1720 3694 1803 3774 (Mil.
1817 3693 1912 3758 1066.

845 3803 993 3868 consulto
1007 3804 1274 3888 praetermittam,
1289 3804 1442 3889 quoniam
1455 3826 1507 3868 res
1519 3803 1621 3867 dubia
1633 3802 1694 3881 est)
1704 3811 1736 3866 et
1744 3801 1817 3866 Cas.
1826 3801 1889 3865 217
1895 3850 1913 3883 .,

846 3932 942 3997 quem
970 3932 1102 3974 versum
1126 3934 1145 3973 a
1168 3909 1280 3975 multis
1307 3911 1428 3974 frustra
1457 3918 1653 3995 temptatum
1681 3931 1798 3973 censeo
1821 3909 1914 3972 meti-

846 4017 966 4082 endum
991 4039 1061 4081 esse
1085 4017 1146 4081 sic:

891 4142 1032 4206 omnibns
1055 4142 1148 4206 rebar
1171 4163 1226 4228 epo
1250 4147 1389 4206 annonem
1413 4142 1505 4205 cre'do
1532 4152 1561 4204 et
1583 4140 1739 4205 nitoribus
1762 4140 1871 4204 nitidis

1289 4251 1468 4313 antevenire

849 4374 904 4451 (sc.
923 4373 1003 4460 ‚eqo‘
1020 4396 1095 4438 oum
1111 4374 1240 4461 syllaba
1256 4374 1360 4439 altera
1375 4375 1468 4439 hiatu
1485 4385 1561 4438 ante
1577 4360 1724 4438 vocalem
1741 4373 1914 4457 correpta).

847 4574 921 4635 Cae.
954 4577 1029 4635 975.
1092 4572 1172 4654 qnid
1200 4571 1314 4654 fecisti
1350 4571 1524 4655 scipionem
1562 4580 1618 4633 ant
1656 4570 1743 4653 qnod
1779 4568 1918 4632 labanti

934 4678 1071 4762 pallium
1101 4676 1171 4742 ΑΡ.

847 4799 1040 4889 ‚scipioncm‘
1064 4804 1193 4866 tametsi
1221 4801 1263 4866 ab
1292 4800 1452 4884 omnibus
1482 4801 1561 4886 quin
1590 4801 1689 4864 etiam
1717 4799 1916 4865 aLindsaio

847 4912 1004 4975 reiectum
1038 4919 1087 4974 est
1121 4919 1154 4974 et
1188 4910 1365 4995 repositum
1395 4908 1570 4994 ‚scipione‘‚
1606 4917 1715 4971 tamen
1746 4917 1844 4989 recte,
1881 4917 1918 4971 ut

847 5020 972 5103 opinor,
991 5018 1146 5102 scriptum
1164 5027 1222 5081 est.
1256 5016 1389 5080 Etenim
1402 5016 1574 5098 sententia,
1587 5016 1780 5100 praesertim
1793 5015 1819 5077 si
1832 5035 1917 5099 quae

911 5132 935 5178 S.
1687 5117 1704 5171 2
