5509 6484
1376 1147 1393 1208 7
1412 1230 1414 1239 ι

941 1321 1038 1394 Hanc
1062 1322 1211 1386 Lindsaii
1246 1323 1560 1406 argumentationem
1595 1323 1741 1386 vicissim
1769 1322 1837 1387 Leo
1873 1322 1920 1386 in-

769 1500 772 1505 ,
851 1429 982 1492 firmare
1005 1450 1044 1492 ac
1060 1429 1184 1493 diluere
1200 1429 1326 1494 studuit
1349 1430 1383 1492 in
1399 1430 1587 1493 recensione
1608 1428 1695 1493 illius
1712 1429 1797 1513 libri,
1822 1452 1919 1515 quam

851 1534 977 1620 publici
1012 1535 1091 1599 iuris
1125 1535 1204 1600 fecit
1238 1537 1271 1599 in
1311 1534 1549 1620 „Grittiapiacbe
1573 1536 1709 1619 gelehrte
1737 1531 1917 1620 Aezeiyea“

854 1642 951 1720 1904,
971 1665 1007 1727 p.
1024 1642 1212 1725 358-374,
1248 1665 1322 1707 cum
1347 1643 1511 1707 subducta
1537 1643 1662 1707 ratione
1686 1644 1765 1730 quid
1789 1666 1921 1709 consec-

852 1750 970 1814 tarium
1005 1750 1089 1814 foret
1123 1773 1166 1814 ex
1201 1751 1250 1833 iis,
1287 1772 1370 1836 quac
1400 1748 1455 1814 ille
1489 1749 1628 1814 fidenter
1662 1751 1786 1832 statuit,
1822 1751 1920 1836 plane
1987 1825 1990 1832 ,

852 1857 1037 1941 diserteque
1072 1858 1233 1942 exposuit.
1295 1857 1380 1920 Nam
1416 1856 1577 1942 siquidem
1613 1880 1693 1921 vera
1727 1867 1802 1922 sunt
1836 1880 1920 1944 quae

852 1964 1027 2027 Lindsaius
1055 1965 1257 2028 asseveravit
1282 1998 1322 2007 —
1347 1984 1455 2048 neque
1484 1964 1562 2027 satis
1591 1962 1734 2028 dilucide
1763 1964 1921 2050 explana·
1947 2003 1948 2006 =

854 2072 903 2135 vit
926 2106 970 2114 -
993 2069 1119 2135 nullam
1154 2080 1191 2134 ut
1213 2072 1259 2134 ita
1293 2070 1403 2134 dicam
1435 2071 1611 2154 genuinam
1646 2072 1920 2135 necessitudinem

854 2179 939 2241 inter
963 2178 993 2241 A
1018 2187 1051 2242 et
1074 2177 1100 2239 P
1125 2178 1326 2242 intercedere
1362 2200 1470 2263 neque
1495 2177 1624 2241 omnino
1661 2200 1754 2263 posse
1783 2179 1921 2262 cogitari

852 2285 893 2349 de
926 2285 1016 2349 fonte
1040 2284 1181 2369 quodam
1215 2285 1461 2370 antiquissimae
1494 2285 1610 2349 aetatis
1634 2283 1761 2349 scilicet
1794 2286 1921 2369 ingenti

852 2392 1065 2457 diuturnitate
1089 2392 1243 2477 temporis
1271 2414 1374 2477 usque
1404 2392 1446 2456 ad
1470 2393 1613 2457 nostram
1644 2393 1832 2456 memoriam
1855 2415 1920 2457 non

776 2549 779 2560 .
852 2509 992 2583 servate,
1028 2521 1091 2584 quo
1122 2521 1165 2562 cx
1199 2499 1289 2563 fonte
1324 2500 1495 2585 utriusque
1529 2500 1728 2563 recensionis
1763 2498 1919 2564 librorum

852 2607 942 2690 origo
976 2605 1156 2690 repetenda
1183 2607 1235 2689 sit,
1268 2606 1422 2670 nimirum
1458 2607 1496 2669 in
1521 2605 1755 2691 corruptelis
1784 2606 1922 2670 iisdem

852 2712 1061 2798 utrobique
1093 2712 1253 2777 traditis
1288 2735 1388 2798 aqua
1416 2712 1573 2777 videtur
1601 2713 1774 2777 haerere:
1811 2735 1939 2789 consc-¹

855 2842 957 2905 quens
993 2820 1081 2883 enim
1105 2828 1164 2903 est,
1200 2829 1236 2884 ut
1260 2819 1342 2884 tales
1366 2820 1569 2904 corruptelas
1603 2829 1660 2883 aut
1683 2821 1715 2883 in
1751 2820 1921 2906 utriusque

852 2927 1050 2991 recensionis
1074 2925 1175 2991 libros
1212 2927 1382 3011 invasisse,
1418 2928 1496 3013 quia
1523 2927 1649 2991 librarii
1684 2927 1798 2991 eodem
1825 2927 1921 2991 modo

852 3057 909 3098 seu
925 3044 1117 3098 erraverunt
1133 3056 1190 3098 seu
1211 3034 1323 3099 dedita
1339 3056 1439 3120 opera
1461 3035 1673 3120 consultoque
1689 3043 1920 3119 peccaverunt,

852 3150 966 3205 autre
990 3162 1069 3204 vera
1093 3139 1295 3225 corruptelas
1319 3140 1401 3204 adeo
1429 3163 1492 3203 non
1518 3162 1587 3204 esse
1611 3140 1768 3221 dicamus,
1796 3150 1833 3205 ut
1857 3141 1922 3204 sint

852 3250 924 3333 ipsa
947 3246 1050 3311 verba
1073 3246 1192 3311 Plauti.
1218 3280 1261 3289 -

941 3354 1107 3419 Videlicet
1134 3378 1154 3418 a
1178 3353 1419 3439 corruptelis
1443 3354 1580 3418 iisdem
1608 3354 1817 3441 utrobique
1844 3363 1921 3418 tra·

852 3462 946 3527 ditis
974 3462 1308 3547 proficiscendum
1337 3470 1397 3525 est
1425 3461 1472 3524 ad
1502 3460 1796 3546 disceptandam
1824 3461 1922 3525 hanc

852 3570 1174 3635 controversiam:
1199 3569 1255 3633 sed
1272 3569 1349 3633 huic
1373 3569 1437 3654 ipsi
1453 3569 1742 3653 argumentationis
1758 3569 1854 3654 parti,
1879 3590 1922 3632 ex

852 3700 917 3762 qua
940 3677 1068 3740 initium
1093 3699 1211 3763 capere
1234 3699 1308 3741 eum
1332 3677 1485 3761 oportuit,
1518 3676 1693 3740 Lindsaius
1717 3697 1832 3761 parum
1856 3697 1922 3739 mo·

851 3785 952 3847 menti
976 3784 1135 3866 attribuit,
1160 3786 1258 3848 immo
1275 3785 1368 3870 quasi
1391 3806 1461 3848 rem
1486 3785 1533 3847 ita
1548 3793 1585 3847 ut
1608 3784 1678 3867 ipse
1702 3782 1827 3846 iudicat
1850 3804 1920 3846 sese

851 3891 972 3955 habere
996 3892 1081 3955 inter
1104 3913 1215 3954 omnes
1240 3891 1447 3955 convenisset
1471 3900 1528 3955 aut
1552 3900 1700 3974 apertum
1725 3898 1819 3972 esset,
1850 3890 1920 3973 ipse

852 4020 982 4085 quoque
1004 3999 1148 4062 maxime
1172 3999 1211 4061 iis
1235 3998 1314 4062 locis
1342 3997 1434 4063 dedit
1457 4019 1600 4083 operam,
1636 3996 1754 4083 quibus
1790 4018 1864 4060 cum
1889 3994 1921 4060 A

852 4115 885 4171 et
909 4105 935 4169 P
959 4106 1044 4170 inter
1067 4127 1101 4170 sc
1125 4105 1312 4190 discrepent
1334 4114 1409 4169 utra
1433 4105 1475 4169 sit
1498 4105 1606 4169 verior
1634 4107 1795 4189 scriptura
1819 4102 1921 4168 ambi·

852 4215 940 4298 gitur
964 4222 996 4277 et
1018 4212 1156 4298 posthac
1179 4213 1315 4277 fortasse
1338 4211 1533 4294 ambigetur.
1593 4212 1717 4276 Verum
1741 4220 1850 4274 tamen
1874 4211 1921 4273 in·

852 4321 951 4384 fitiari
973 4320 1077 4384 multa
1099 4319 1268 4406 praeclara
1283 4319 1325 4383 ad
1341 4319 1512 4384 scientiam
1528 4327 1672 4382 nostram
1693 4341 1767 4382 cum
1783 4317 1922 4382 aliarum

851 4409 973 4492 rerum*
990 4438 1058 4492 tum
1082 4428 1224 4492 maxime
1253 4427 1423 4512 utriusque
1446 4427 1645 4490 recensionis
1673 4426 1920 4512 proprietatum,

851 4558 936 4622 quae
968 4535 1100 4622 quidem
1135 4534 1177 4598 ad
1206 4543 1374 4599 externam
1411 4534 1541 4599 illarum
1571 4533 1748 4599 editionum
1784 4534 1921 4597 formam

851 4644 1047 4729 pertineant,
1072 4665 1146 4707 eum
1171 4641 1345 4707 contulisse
1369 4643 1610 4728 iniquissimum
1633 4650 1691 4705 est.

942 4751 1006 4815 Hic
1030 4751 1131 4835 igitur
1154 4758 1203 4815 est
1226 4750 1324 4814 cardo
1349 4751 1448 4815 totius
1469 4749 1719 4831 controversiae,
1744 4748 1805 4811 hae
1828 4748 1861 4810 in
1885 4768 1921 4811 re

852 4859 992 4924 vertitur
1015 4881 1142 4923 summa
1157 4858 1291 4923 huiusce
1308 4858 1519 4943 quaestionis,
1544 4866 1581 4922 ut
1598 4857 1737 4943 profecti
1753 4878 1773 4919 a
1789 4876 1921 4939 corrup·

852 4965 925 5031 telis
949 4966 1064 5031 iisdem
1082 4966 1114 5030 in
1130 4965 1189 5029 ΑΡ
1206 4964 1334 5030 traditis
1353 4966 1554 5051 inquiramus
1576 4973 1674 5050 atque
1690 4963 1919 5048 disceptemus,
