5509 6484
1350 1098 1394 1163 68

840 1277 1042 1365 temporibus
1085 1299 1180 1341 nemo
1219 1277 1392 1361 ignoravit.
1455 1276 1510 1341 An
1548 1285 1701 1362 putamus
1739 1278 1914 1363 scripsisse

840 1386 994 1450 Plautum
1011 1397 1141 1464 ,ventres
1156 1387 1360 1470 pumicesque
1376 1384 1469 1448 adeo‘.
1484 1393 1518 1449 et
1533 1383 1729 1469 interpolato
1745 1385 1913 1451 vocabulo

841 1490 983 1574 ,oestror‘
1022 1492 1195 1557 lectionem
1238 1493 1415 1577 genuinam
1450 1514 1469 1556 e
1508 1500 1603 1556 textu
1642 1493 1781 1556 eiectam
1826 1515 1912 1576 esse,

843 1622 909 1685 qua
933 1608 1042 1664 tamen
1077 1600 1239 1686 scriptura
1274 1600 1315 1664 de
1350 1598 1541 1683 gradatione
1577 1599 1759 1663 sententiae
1782 1598 1912 1686 aliquid

842 1707 988 1772 deminui
1012 1729 1071 1772 nos
1094 1730 1159 1772 nou
1182 1707 1290 1772 fallit?
1320 1706 1410 1771 Nihil
1434 1707 1516 1770 certi
1540 1728 1678 1796 usquam
1701 1718 1848 1792 apparet.
1871 1742 1910 1751 —

842 1814 943 1878 Dicet
971 1815 1132 1899 quispiam
1157 1814 1219 1878 hae
1243 1822 1334 1878 tanta
1356 1814 1604 1878 ratiocinatione
1628 1812 1710 1877 nihil
1733 1812 1911 1878 admodum

844 1922 1026 2007 profectum
1051 1944 1133 2003 esse,
1163 1922 1284 2006 quippe
1307 1942 1383 1984 cum
1407 1921 1486 2005 quid
1502 1920 1636 1985 tandem
1652 1919 1789 1985 Plautus
1810 1922 1913 2007 scrip·

842 2029 920 2093 serit
943 2029 1044 2093 nihilo
1068 2030 1172 2113 magis
1196 2028 1403 2113 exploratum
1427 2029 1478 2091 sit.
1529 2026 1576 2092 At
1599 2026 1795 2113 quibusdam
1819 2027 1912 2111 loom,

844 2137 998 2220 quoniam
1032 2135 1215 2200 emendatio
1250 2144 1340 2198 certa
1366 2156 1429 2198 nec
1457 2134 1596 2198 antehac
1623 2143 1753 2220 reperta
1777 2142 1913 2199 estnec

844 2264 933 2307 nunc
956 2265 1050 2328 posse
1075 2244 1210 2328 reperiri
1233 2241 1375 2326 videtur,
1400 2241 1454 2306 vel
1478 2241 1538 2306 hoc
1561 2241 1759 2328 permultum
1775 2243 1915 2308 interest

842 2350 1070 2433 demonstrari,
1095 2372 1180 2436 quae
1203 2350 1258 2414 via
1274 2349 1512 2414 emendationis
1529 2349 1571 2413 sit
1587 2349 1739 2434 ineunda,
1763 2359 1801 2415 ut
1816 2372 1913 2415 cave-

843 2466 940 2523 antur
967 2457 1051 2522 falsa
1078 2458 1251 2522 conamina
1278 2456 1489 2539 emendandi,
1526 2466 1558 2521 et
1581 2457 1608 2520 si
1631 2455 1712 2520 nihil
1736 2456 1842 2540 alind,
1878 2468 1915 2523 at

844 2573 932 2629 certe
956 2565 1017 2629 hoc
1040 2565 1118 2629 mihi
1143 2564 1259 2629 videor
1282 2565 1438 2629 effecisse.
1465 2598 1506 2607 -

933 2763 1018 2824 Men.
1035 2767 1098 2823 592
1124 2781 1173 2839 sq.
1219 2760 1386 2824 Postremo
1421 2758 1492 2823 loco
1528 2782 1623 2845 agam
1651 2760 1692 2824 de
1716 2760 1913 2845 quibusdam

844 2866 994 2930 versibus
1023 2866 1311 2930 Menaechmorum
1346 2867 1523 2952 praecipue
1551 2868 1778 2932 controversie.
1828 2866 1915 2932 Sunt

848 2997 880 3039 v.
897 2974 964 3040 592
981 2997 1028 3060 sq.
1053 2975 1087 3038 in
1110 2975 1170 3039 ΑΡ
1194 2974 1241 3039 sic
1265 2974 1391 3039 traditi:

844 3122 913 3188 ‚aot
931 3109 1009 3194 plus
1032 3121 1088 3172 aut
1102 3112 1208 3172 minor
1225 3132 1321 3193 qaam
1338 3131 1417 3194 opor
1431 3108 1547 3191 sacrat
1562 3109 1645 3172 dioto
1662 3109 1745 3186 (erat
1759 3109 1856 3172 molto
1870 3108 1913 3187 P)

846 3220 990 3281 dixeram
1025 3220 1269 3281 coutroverrtam
1304 3230 1338 3280 ot
1371 3218 1500 3300 sponsio
1527 3216 1634 3298 fieret:
1670 3217 1749 3300 qaid
1775 3216 1830 3279 ille
1858 3218 1916 3299 qui

1240 3327 1391 3410 praedem
1414 3321 1521 3389 dedit‘.

936 3449 1009 3513 Hoc
1034 3450 1074 3514 de
1098 3449 1169 3514 loco
1193 3451 1256 3514 viri
1281 3449 1368 3514 docti
1393 3449 1602 3533 disputarunt
1626 3449 1659 3511 in
1683 3457 1791 3532 partes
1808 3447 1914 3511 diver-

847 3556 1004 3638 sissimas,
1041 3566 1073 3619 et
1107 3555 1168 3619 hoc
1203 3554 1334 3639 quidem
1364 3555 1510 3638 profecto
1534 3577 1647 3617 verum
1673 3566 1735 3637 est,
1771 3555 1914 3640 aliquam

847 3662 1065 3747 corruptelam
1101 3672 1157 3724 aut
1184 3661 1322 3725 fortasse
1349 3659 1460 3745 plures
1489 3661 1521 3723 in
1551 3660 1601 3723 his
1629 3661 1779 3725 versibus
1802 3661 1914 3726 latere.

847 3769 963 3855 Neque
1003 3767 1089 3833 enim
1124 3776 1259 3854 possunt
1295 3790 1405 3831 secum
1442 3765 1589 3852 copulari
1624 3768 1727 3831 verba
1761 3768 1916 3851 contigua

848 3879 1005 3959 ,dicerunt
1028 3873 1282 3941 controversiam‘
1307 3898 1381 3940 cnm
1405 3886 1538 3961 propter
1562 3876 1705 3960 ipsorum
1727 3876 1916 3947 naturam*)

849 3994 918 4049 tum
946 3993 1079 4069 propter
1106 4007 1145 4048 ea
1169 4006 1253 4069 quae
1276 3983 1487 4070 praecedunt.
1535 3983 1669 4047 Erravit
1692 3983 1792 4066 igitur
1814 3981 1916 4046 Lind-

849 4092 950 4173 sains‚
987 4113 1062 4155 cum
1096 4092 1129 4154 in
1165 4091 1306 4155 editione
1342 4092 1451 4154 omnia
1485 4090 1611 4173 integra
1644 4088 1777 4173 reliquit
1810 4111 1916 4175 neque

849 4198 972 4263 alicubi
997 4197 1214 4284 corruptelam
1238 4197 1429 4262 delitescere
1453 4196 1661 4279 significavit.
1697 4196 1787 4260 Ecce
1808 4208 1917 4260 autem

850 4306 978 4370 exstitit
993 4306 1030 4388 ia,
1057 4306 1113 4391 qui
1129 4302 1396 4383 ‚controversiam‘
1413 4326 1483 4368 esse
1500 4302 1732 4389 interpolatum
1748 4313 1917 4385 statueret,

850 4413 1042 4477 Theodorus
1081 4412 1245 4495 Bergkius
1284 4410 1349 4496 (op.
1385 4410 1481 4492 1,152
1513 4410 1592 4495 sq.),
1631 4412 1685 4474 oui
1724 4411 1918 4496 adstipulari

851 4519 985 4584 videtur
1000 4520 1078 4583 Leo.
1115 4519 1292 4583 Attamen
1315 4519 1362 4581 ita
1385 4540 1453 4581 rem
1477 4540 1511 4581 se
1536 4517 1657 4582 habere
1681 4518 1761 4581 mihi
1785 4518 1916 4603 quidem

851 4626 906 4691 ille
930 4629 1064 4691 minime
1087 4626 1250 4712 probavit.
1285 4625 1389 4689 Immo
1412 4647 1490 4688 vero
1514 4625 1672 4709 imprimis
1688 4647 1802 4689 verum
1818 4635 1917 4709 atquc

940 4845 965 4912 ⁸)
984 4845 1098 4899 Prorsus
1125 4843 1193 4898 alius
1212 4844 1317 4914 generis
1345 4849 1408 4897 sunt
1427 4843 1519 4908 ,dicere
1538 4843 1721 4895 concurrelr'uur‘
1750 4841 1839 4910 (Cure.
1858 4843 1919 4897 478.

852 4935 930 4989 Truc.
950 4934 1023 5002 299.)
1042 4934 1155 5005 aliaque.
